2362 4148
107 114 174 195 452
240 72 412 189 LIBER
312 110 906 225 vul-ggjtttu
839 72 1028 177 XXXVIII

107 194 473 279 *ΧΠ
379 220 411 278 C.
428 219 502 295 432.
695 240 722 279 a.
741 222 775 279 C
781 221 831 279 Ν
854 196 1112 289 35ιοῖ*

108 296 1117 321 *anm-mm

110 342 180 401 lum
187 338 343 399 RomanIs
357 335 458 397 fuisse.
472 354 535 398 nac
550 354 660 399 tamen
668 359 720 401 res
729 339 795 398 ulla
803 337 1020 397 memorabilis
1028 349 1117 394 acta:

112 446 188 511 ager
210 423 334 506 Apulus
357 425 586 507 Samniumque
611 418 798 497 a'val'ta'tum:
830 423 932 485 hostes
963 443 1026 481 nec
1049 420 1118 495 hic,

70 558 73 563 -
104 533 176 597 ,nec
189 512 255 572 illic
270 500 406 585 inventi.
440 512 563 571 Romae
578 515 755 573 nocturnus
769 528 874 571 terror
889 512 931 570 ita
947 533 988 572 ex
1001 508 1119 567 [omno

74 654 77 659 .
112 596 272 685 trepidam
288 613 423 679 repente
433 594 599 659 civitatem
615 600 747 674 excivit,
766 614 801 657 ut
816 594 1005 679 Capitolium
1022 611 1120 687 atque
1148 667 1151 670 Α

113 706 181 761 arti,
202 683 395 766 moeniaque
410 688 442 743 et
455 701 582 767 portae,
603 676 729 777 plena
717 698 913 747 armatorum
928 678 1120 744 lucrinum

112 792 187 835 cum
198 768 422 832 concursatum
438 754 734 855 conclamatumque
717 770 790 833 ad
804 792 893 831 arma
907 771 1057 831 omnibus
1073 768 1120 828 lo-

113 860 159 922 cis
177 855 263 931 esset,
284 858 389 939 prima
404 858 475 918 luce
490 879 552 918 nec
567 876 686 932 auctor,
706 878 769 918 nec
776 856 873 918 causa
885 857 1015 917 terroris
1030 876 1118 914 com·

112 945 230 1030 paruit.
262 942 386 1005 Eodem
401 964 491 1005 anno
506 943 547 1005 de
562 942 751 1007 Tusculanis
761 945 870 1009 Flavia
884 943 1049 1027 rogatione
1061 963 1119 1025 po·

113 1033 183 1117 puli
199 1026 264 1092 fult
277 1028 440 1113 judicium.
485 1033 529 1092 M
542 1014 667 1093 Flavius
687 1031 957 1115 tribunusplebis
981 1029 1053 1090 tulit
1075 1025 1119 1109 ad

112 1119 286 1206 populum,
303 1117 401 1179 utin
421 1116 617 1181 Tusculanos
631 1117 959 1201 animadverteram
981 1136 1121 1199 quorum

28 1224 30 1229 '
113 1224 227 1268 eorum
249 1225 310 1288 ope
330 1225 367 1265 ac
383 1202 515 1266 consilio
532 1206 692 1267 Veliterni
710 1192 987 1287 Privernaiesque
996 1202 1119 1284 populo

27 1366 32 1375 Ι
110 1292 266 1356 Romano
280 1293 401 1353 bellum
414 1290 571 1353 fecissent.
593 1294 729 1393 Populus
743 1291 943 1357 Tusculanus
950 1310 1028 1349 cum
1035 1308 1120 1347 com

111 1379 235 1462 jugibus
250 1398 287 1439 ae
299 1379 409 1439 liberis
425 1380 564 1438 Romam
578 1380 679 1440 uenit.¹
702 1400 740 1439 ea
755 1368 933 1454 multitudo,
951 1374 1035 1439 velte
1049 1397 1120 1434 mu·

114 1480 191 1541 tata,
207 1480 239 1526 et
253 1462 356 1546 specie
368 1484 511 1553 reorum,
526 1464 627 1526 tribus
641 1458 763 1542 circuit,
777 1467 911 1546 genibus
925 1462 957 1524 Ie
968 1463 1119 1525 omnium

113 1548 301 1614 advolvens.
313 1550 415 1633 plus
406 1566 511 1633 itaque
520 1550 740 1613 misericordia
748 1550 920 1639 adpoenae
928 1572 1057 1613 ventam
1067 1570 1119 1611 ιιι

113 1635 325 1723 peneadem,
348 1658 445 1720 quam
463 1636 557 1698 caula
579 1637 620 1698 ad
638 1639 765 1700 crimen
784 1634 988 1725 purgantium
1007 1638 1116 1700 ualuit.
1162 1682 1168 1699 f

114 1726 233 1793 Tribus
247 1743 371 1800 omnes,
387 1734 514 1807 practer
528 1726 669 1802 Polliam,
686 1727 896 1811 antiquarunt
909 1727 1019 1829 legem
1047 1726 1115 1784 Pol·

115 1812 178 1872 liae
191 1808 351 1873 sententia
363 1809 442 1889 fuit,
464 1813 602 1894 puberes
619 1815 800 1874 verberatos
815 1814 944 1889 necari,
959 1811 1115 1894 conjuges

114 1897 295 1978 liberosque
316 1896 373 1959 lub
387 1919 510 1960 corona
526 1900 597 1981 lege
611 1901 704 1961 belli
707 1899 838 1981 uenite:
866 1900 1123 1999 memoriamque

113 1984 184 2066 ejus
197 1984 487 2046 iraeTul‘culanis
477 2005 516 2047 m
525 2005 653 2068 poenae
666 2001 732 2046 tam
747 1988 861 2049 atrocis
876 2002 1018 2047 auctores
1025 2006 1120 2046 man-

114 2069 184 2132 lille
196 2070 250 2131 ad
246 2087 381 2155 patrum
393 2089 528 2137 aetatem
537 2071 684 2150 constat3
711 2093 778 2133 nec
799 2075 916 2156 que'mq
896 2086 1001 2155 quam
1013 2058 1118 2135 ferme
1136 2073 1156 2133 .’

114 2178 158 2221 ex
173 2159 272 2221 Pollia
286 2159 373 2220 tribu
384 2157 594 2225 candidatum
609 2121 766 2251 Papiriqm
778 2157 867 2225 fene
882 2159 938 2220 Iol
914 2162 1020 2222 litum.
1050 2240 1053 2245 .
1098 2166 1110 2225 ⁹.

222 2330 1121 2416 xxxvut.nunquamne,Q.1=auo,t.n1.
1160 2318 1163 2337 “

117 2421 172 2485 vio
187 2419 385 2498 consulibua,
413 2418 453 2482 A.
471 2423 638 2483 Cornelius
651 2420 779 2505 Arvina
800 2423 933 2485 dictator
950 2436 981 2483 ct
996 2420 1047 2483 Μ.
1062 2418 1119 2481 Fa·-
1139 2438 1143 2445 ’

116 2508 188 2585 Itius
203 2505 373 2581 Ambustus
393 2507 539 2592 magister
556 2511 714 2613 equitum,
736 2527 823 2570 metu
841 2512 997 2594 gravioris
1010 2510 1049 2569 in
1065 2502 1120 2569 Sa·

117 2593 210 2656 annio
223 2593 299 2654 belli
313 2593 485 2697 (conducta
500 2595 589 2655 enim
597 2597 704 2680 pretio
718 2618 737 2656 a
749 2596 916 2658 finitimis
907 2611 1106 2695 juventus
1070 2592 1118 2657 di·

117 2681 446 2782 ceba'tur)1nterlore
464 2679 589 2743 delectu
610 2684 735 2758 habito,
760 2680 920 2767 egregium
937 2676 1118 2745 exercitum

117 2765 267 2829 adversus
281 2748 444 2830 Samnites
451 2767 625 2834 duxerunt
652 2768 779 2831 Cestra'
770 2791 808 2831 ιιι
821 2768 940 2832 holtico
954 2760 1118 2831 incuriose

118 2856 163 2919 ita
183 2852 297 2937 postte,
325 2871 477 2936 tanquam
504 2858 617 2939 procul
639 2853 757 2916 abellet
775 2856 888 2918 hostis:
918 2878 989 2919 cum
1011 2855 1117 2917 subito

115 2942 289 3006 advenere
292 2941 488 3004 Samnitium
507 2944 648 3027 legiones
665 2958 754 3002 tanta
774 2941 910 3019 ferocia,
938 2956 973 3003 ut
995 2939 1118 3027 vallum

44 3046 51 3071 ¹
115 3051 214 3131 usque
230 3028 272 3090 ad
286 3028 455 3093 stationem
468 3029 650 3091 Romanam
663 3025 834 3092 inferrent.
856 3031 1006 3112 Noxjam
1022 3042 1120 3121 appe·

115 3114 219 3179 tebat:
250 3116 285 3179 id
302 3117 464 3200 prohibuit
482 3117 685 3177 munimenta
706 3114 835 3181 adoriri.
849 3138 923 3179 nec
946 3112 1118 3178 dissimula·

116 3206 213 3280 bant,
233 3222 307 3265 orta
321 3206 392 3266 luce
408 3202 532 3286 postero
548 3203 600 3264 die
616 3200 764 3264 facturos.
793 3205 951 3281 Dictator,
972 3205 1025 3265 ubi
1042 3224 1121 3286 pro·

114 3291 242 3374 piorem
252 3290 308 3373 spe·
321 3287 562 3350 dinnoaiionem
571 3288 659 3365 vidit,
677 3296 722 3350 ne
730 3292 866 3353 militum
877 3290 984 3354 virtuti
975 3287 1117 3351 damno

115 3377 202 3453 locus
219 3358 463 3533 essetignibus
478 3378 597 3438 crebris
611 3337 747 3453 relictis,
768 3401 823 3461 qut
809 3378 1095 3473 conspectum
1059 3377 1118 3438 ho·

114 3444 208 3523 [tium
222 3460 312 3553 frust
357 3479 468 3539 entur,
490 3462 612 3525 filantio
627 3465 770 3549 legiones
784 3462 903 3525 educit:
926 3485 988 3527 nec
1001 3454 1116 3524 tameii

114 3546 227 3609 fallere
241 3565 374 3633 propter
388 3551 661 3634 propinquitatem
675 3549 848 3612 castrorum
864 3554 982 3634 potuit.
1008 3551 1115 3632 Eques

114 3636 276 3719 'extemplo
295 3632 483 3703 insecutus
474 3653 518 3751 ιιι
533 3636 655 3701 institit
660 3638 799 3722 agmini,
823 3656 877 3716 ut,
903 3636 1011 3703 donec
1028 3640 1114 3697 luce·
1140 3680 1144 3686 -

1011 3714 1136 3787 sceret
