2362 4148
83 114 147 191 ete
275 110 427 175 steen
458 112 516 173 ru
564 113 649 173 ose.
669 111 777 173 xstx.
801 111 834 171 ι.
856 110 909 172 ιι.
1121 160 1127 169 .

315 217 383 278 *u
400 220 431 277 o.
449 196 524 294 342¹.
537 194 689 275 “““““·““.““
675 194 785 274 Γ
726 218 761 271 ,ι
779 194 893 289 ires·
918 194 923 210 '
943 195 951 209 “
982 194 1018 211 ““
1065 194 1091 209 ““

89 296 1092 317 mmm

87 354 123 395 trt
137 355 156 396 a
168 340 247 398 uobis
256 336 406 419 spereat?
427 354 464 393 aa
480 332 619 408 bonores,
643 354 715 413 quos
729 332 907 419 arlnerjirrr't'r
919 332 1025 409 uqlrir
1038 356 1094 415 po.

87 424 161 493 tirer,
183 443 268 504 quant
285 418 391 505 populi
406 420 529 483 Romani
544 419 833 505 propugnatoribus,
856 418 961 482 cletis?
1001 418 1094 509 lege·

84 506 196 583 nuillis
210 508 312 585 modo,
335 528 401 569 uoce
421 504 508 591 bujtn
529 507 639 567 oudin.
668 504 930 593 quidsenserit
956 491 1093 585 Jaffli

69 588 262 679 'suffragium
277 594 377 663 detur,
403 590 486 671 issar,
509 596 561 675 qui
583 592 687 655 nolum
701 590 782 654 uobis
796 598 937 664 triatrus,
960 598 1014 669 iis,
1037 600 1095 677 qttt'

85 700 175 767 agros
184 679 327 764 sedesque
343 678 529 763 asserturos
538 676 672 757 stabilire
687 678 802 754 ntlrrt,
825 678 1025 763 praeferetis.

171 822 204 883 L.
250 824 372 883 Perlern
389 820 468 881 haee
482 839 544 879 vox
560 816 707 881 Postumii
727 816 769 881 ad
788 820 905 881 milites
924 820 1032 881 tnnltn
1052 820 1092 885 in

86 904 192 971 cestris
207 910 361 987 mojorem
378 906 635 988 indignationem
652 902 761 969 movit.
810 902 976 967 Praedator
991 908 1088 967 ieter·

84 1011 228 1075 eeprorrm
227 994 494 1077 fraudatoremque
511 993 594 1052 etiem
607 991 709 1055 uelum
722 994 831 1053 nitori
838 988 1009 1053 militibus?
1032 994 1090 1055 lta·

84 1101 146 1161 que
162 1102 234 1145 eum
249 1080 395 1143 fremitus
410 1094 518 1162 aperte
533 1076 628 1154 esset,
652 1094 684 1165 et
698 1076 842 1159 quaestor
859 1080 889 1139 Ρ.
906 1077 1026 1143 Sestius
1041 1096 1091 1141 ει-
1108 1144 1111 1150 ,

84 1164 160 1227 dem
182 1168 336 1231 violentia
358 1166 496 1227 coerceri
520 1180 645 1246 putaret
666 1162 857 1227 seditionem
878 1163 985 1248 posse,
1026 1185 1089 1252 qna

83 1266 170 1315 mota
192 1273 276 1331 erot3
307 1254 396 1315 nrisso
409 1250 450 1312 ad
469 1248 702 1313 vociferantem
723 1250 886 1335 quendam
901 1250 1040 1313 militem
1054 1254 1089 1315 li·

83 1356 190 1416 crore,
218 1364 292 1403 cum
309 1340 388 1401 inde
403 1342 524 1400 clamor
539 1353 571 1398 et
583 1338 721 1423 jurgium
735 1338 889 1414 oriretur,
918 1336 996 1399 sarto
1008 1338 1089 1401 setus

82 1430 177 1488 turbe
191 1427 313 1489 excedit
326 1452 334 1505 3
352 1426 422 1489 insu
448 1448 483 1485 er
498 1426 700 1508 increpante,
718 1426 772 1506 qui
787 1426 1027 1503 vulneraveras,
1040 1420 1088 1487 ia·

82 1512 152 1595 lepre
166 1448 445 1597 quaereremus
452 1516 619 1589 inperator
633 1508 701 1591 effer
713 1508 855 1573 nttutbm
869 1512 1012 1573 minares.
1035 1508 1087 1575 A'd

82 1598 173 1662 ltune
194 1603 360 1663 tutrrnlumr
384 1600 500 1661 occisus
514 1596 684 1659 Postumius
701 1596 861 1680 asperiore
882 1598 995 1659 omnio
1010 1594 1086 1661 seuit

83 1688 205 1748 acerbis
234 1687 487 1771 qrmestionibus¹
513 1682 695 1747 crudelibus
725 1683 896 1768 supliciis.
923 1684 1082 1773 posnamo

83 1794 158 1849 eum
181 1774 253 1834 mod
261 1796 312 1833 orn
339 1774 408 1834 irae
435 1772 560 1832 nullum
581 1768 719 1848 laceret,
749 1792 767 1831 a
819 1766 1080 1833 vociferationem

82 1880 213 1937 eorum,
243 1880 319 1942 qnos
335 1861 447 1920 necari
461 1855 517 1917 sub
537 1872 623 1920 crate
638 1856 783 1940 jusserat,
811 1854 970 1920 concursu
989 1854 1082 1933 seen,

81 1946 148 2028 ipse
163 1946 204 2007 ad
219 1946 462 2041 interpellantes
476 1962 615 2027 poenam
624 1938 734 2007 vecors
750 1941 790 2005 de
803 1944 961 2007 tribunali
972 1942 1085 2007 decur-

28 2099 30 2105 ,
82 2034 134 2107 rit.
178 2033 227 2093 lbi
247 2056 319 2095 cum
344 2032 566 2093 submoventes
589 2028 698 2115 passim
712 2030 839 2093 lictores
863 2032 1086 2095 centuriones·

82 2141 145 2203 que
160 2136 314 2185 vexarent
331 2122 468 2195 turbam,
489 2138 528 2177 eo
543 2118 724 2201 indignatio
741 2118 864 2201 erupit,
883 2132 920 2177 ut
934 2120 1087 2181 tribunus

81 2207 220 2269 utilitum
236 2212 275 2267 ob
300 2208 440 2269 exercitu
462 2204 516 2264 sno
535 2204 694 2289 lapidibus
717 2204 943 2289 cooperiretur.
989 2200 1087 2285 Quod

80 2309 147 2357 tam
166 2310 257 2355 atrox
270 2292 393 2353 lucinus
406 2290 571 2375 postquam
586 2290 632 2353 esl
643 2292 780 2353 Romam
800 2290 1006 2369 nuntiatum,
1030 2292 1085 2359 tri·

81 2372 178 2440 bunis
190 2380 326 2440 militum
338 2378 380 2440 de
390 2394 492 2439 morte
500 2379 639 2461 collegae
654 2399 714 2463 per
727 2374 873 2437 senatum
883 2376 1087 2459 quaestiones

81 2462 342 2543 decernentibus,
354 2464 478 2525 tribuni
492 2464 595 2546 plebis
608 2460 864 2527 intercedebant.
880 2454 937 2525 sed
951 2481 996 2527 eu
1005 2458 1086 2527 con-

80 2552 184 2611 tentio
198 2570 237 2611 ets
251 2549 428 2631 cessurusne
442 2550 505 2609 alio
520 2548 701 2631 pendebat3
723 2545 808 2632 quod
823 2570 899 2611 eura
911 2548 1086 2613 incesserat

80 2636 195 2711 Patres,
207 2658 251 2697 ne
268 2652 354 2696 tnetu
370 2634 589 2719 quaestionum
606 2636 698 2722 plebs
712 2636 822 2718 iraque
838 2638 985 2701 tribunos
998 2638 1085 2701 mili·

78 2739 146 2783 tum
161 2723 310 2805 explebe
324 2738 462 2786 crearet:
481 2720 721 2805 tendebantque
735 2718 857 2783 summa
872 2744 943 2805 ope,
955 2720 1083 2791 utnon·

79 2806 162 2891 sules
186 2825 383 2871 crearentur.
437 2810 517 2869 Cum
540 2806 845 2871 senatusconsultum
865 2808 937 2872 lieri
956 2808 1082 2873 albuni

77 2894 182 2979 plebis
205 2916 277 2958 non
298 2911 505 2979 poterentur,
535 2894 634 2958 iidem
653 2892 899 2957 intercederent
910 2894 1082 2959 consulari·

78 2988 138 3049 bus
150 2985 297 3061 comitiis,
321 3002 371 3043 res
387 2980 429 3044 ad
442 2985 667 3069 interregnum
682 2978 788 3045 rediit.
811 2982 943 3049 victorie
959 2980 1084 3047 deinde

76 3091 181 3157 penes
201 3074 307 3133 Patres
330 3068 401 3131 fuit.
871 3070 876 3077 '

163 3190 214 3251 st.
257 3186 325 3263 *Q
340 3186 437 3247 Fabio
454 3187 617 3249 thulano
639 3188 802 3271 interrege
819 3183 949 3265 comitia
958 3180 1084 3247 baben·

75 3292 130 3352 te,
155 3274 300 3337 eonsules
319 3272 418 3333 creati
438 3271 514 3333 sunt
533 3270 574 3333 A.
592 3274 760 3336 Cornelius
777 3270 894 3349 Coissn,
913 3272 947 3333 l..
960 3267 1083 3333 Furio·

74 3360 284 3423 Medullinus.
328 3359 387 3439 Hit
401 3354 582 3421 oonsulibus
596 3360 757 3443 principio
774 3358 857 3423 enni
874 3356 1082 3429 senatuscons-¹

73 3444 189 3507 sultnm
205 3446 324 3509 sactum
347 3444 409 3523 est,
436 3461 472 3506 ut
485 3442 528 3507 de
540 3445 728 3527 quaestione
741 3444 960 3509 Postumianae
972 3440 1082 3507 caedit

72 3532 197 3593 tribuni
213 3535 319 3615 primo
333 3552 458 3617 quoque
474 3547 619 3614 tempore
640 3530 683 3595 ad
698 3532 827 3615 plebem
839 3524 1081 3615 serrentss‘ple·
1123 3568 1126 3573 ·

73 3620 195 3705 besque
209 3620 397 3703 praeficeret
412 3614 603 3706 quaestioni,
617 3639 713 3705 quom
729 3618 834 3697 vellet.
853 3616 1082 3769 Aplebeffl

389 3714 393 3724 '
872 3712 878 3721 '
1059 3722 1083 3767 n
