2362 4148
131 302 534 331 μ...-

128 346 242 431 piendi
258 340 404 403 adversus
419 338 542 399 hostilia
557 338 654 411 ausos.
699 338 917 399 Ferocisrinius
939 337 1075 417 quisque
1094 338 1138 421 ju·

129 454 249 496 renum
269 450 343 491 cum
364 426 461 491 armis
483 427 676 485 voluntarius
691 423 787 485 adest.
817 425 955 483 seqnitur
977 440 1010 483 et
1030 440 1139 489 cetera

129 522 286 604 juventus.
333 516 431 589 lude,
455 514 524 595 pari
547 509 701 593 praesidio
717 514 829 573 relicto
843 512 993 571 sitente
1009 511 1049 569 ad
1067 534 1138 593 pcr-

129 624 197 680 τις,
225 601 467 679 custqtlibusque
487 598 592 672 datis,
621 620 664 657 rte
687 599 756 679 qvis
780 620 851 659 eum
873 615 991 661 insinuit
1010 602 1140 677 reginus

129 692 313 764 nuntiatret,
333 688 428 747 ceteri
447 685 577 759 anitati,
604 682 687 745 duce
701 686 816 757 b'ruto,
840 686 975 744 stonum
988 686 1140 766 profecti.
1170 714 1174 723 ·

131 780 196 843 Ubi
215 798 251 837 eo
270 790 401 835 rentum
419 770 483 845 est,
511 782 701 867 quacunque
722 772 863 843 incedit,
893 788 1013 831 armata
1030 774 1140 833 inulti·

130 864 207 927 tudo
229 882 378 945 pavorem
398 880 435 919 ae
456 862 623 916 tumultum
645 859 730 917 lacit.
776 858 899 931 rursus,
929 859 986 917 uhi
1009 860 1140 921 aureiro

128 956 284 1038 primores
313 944 449 1007 civitatis
473 944 602 1030 rideqt,
639 943 795 1025 quidquid
816 943 869 1019 lit,
906 944 992 1006 haud
1016 961 1141 1025 ternerq

129 1039 194 1101 esse
213 1051 336 1095 rentur.
389 1032 458 1091 Nee
480 1032 638 1091 minorem
667 1048 787 1091 motuni
808 1033 988 1093 animorum
1011 1034 1140 1097 Rornae

128 1143 199 1187 ram.
215 1140 306 1183 atrox
328 1138 377 1179 res
399 1116 491 1193 lacit,
524 1140 618 1197 quarn
640 1119 791 1179 Collatiae
814 1118 942 1179 severat.
988 1117 1073 1201 Ergo
1095 1120 1153 1181 ett'¹

127 1212 278 1275 omnibus
296 1206 374 1266 loeis
390 1206 476 1264 urbis
496 1204 531 1265 in
547 1204 651 1263 sorutu
665 1204 814 1264 curritur.
860 1210 932 1281 Quo
947 1202 1042 1271 simul
1057 1228 1140 1269 ven-

114 1316 197 1361 .tum
214 1294 276 1367 est,
298 1312 413 1375 praeco
426 1290 464 1349 ad
487 1292 651 1351 tribunum
668 1293 830 1367 Celerum,
853 1289 891 1351 iu
905 1312 968 1371 qno
987 1308 1055 1351 turn
1069 1314 1152 1355 rna-r

128 1385 257 1469 gistratu
277 1376 360 1441 sorte
375 1378 490 1439 Brutus
504 1394 590 1452 erat,
617 1380 768 1459 populum
785 1378 969 1441 adrocavir..
996 1378 1051 1481 lqi
1064 1396 1137 1441 orat·

129 1474 176 1535 tio
193 1466 320 1540 habita,
348 1484 549 1544 nequaquam
572 1462 639 1544 ejus
659 1466 793 1546 pectoris
814 1464 1022 1547 ingeniique,
1046 1466 1137 1547 quod

129 1546 307 1619 finrulaiurn
327 1550 369 1611 od
391 1572 460 1611 earn
478 1550 562 1613 diem
581 1548 710 1627 suern,
736 1549 778 1611 de
791 1552 821 1611 ri
837 1574 873 1613 ao
893 1552 1030 1611 libidine
1045 1552 1136 1615 Sexti

129 1638 310 1722 Tarquinii,
332 1635 375 1697 dc
390 1636 495 1717 stupro
508 1638 647 1697 infando
660 1638 822 1698 Lucretiae
836 1654 866 1697 et
881 1637 1049 1699 miserabili
1064 1662 1137 1709 cae·

129 1731 188 1805 de,
212 1726 253 1787 de
268 1724 401 1785 orbitate
417 1725 621 1806 Tricipitini,
646 1726 698 1784 oui
708 1794 711 1799 ¹
721 1740 821 1785 morte
842 1724 923 1785 filiae
937 1721 1027 1783 causa
1042 1746 1157 1789 .mor-.

129 1819 172 1879 tis
186 1810 352 1893 indignior
365 1834 402 1871 ao
418 1808 623 1871 miserabiiior
640 1808 740 1871 essetf
754 1810 861 1871 addita
878 1803 1132 1893 superlriajplius
1162 1836 1172 1853 ‘

128 1902 232 1985 regis,
251 1897 455 1977 miseriaeque
469 1914 500 1955 et
515 1900 637 1959 labores
652 1898 772 1977 plebis,
792 1899 829 1959 iu
842 1897 936 1959 fossas
946 1898 1134 1981 cloacpsqua

128 1983 363 2057 exhauriendas
382 1982 554 2045 demersae.
603 1986 768 2059 Romanos
793 1985 958 2057 homiues,
985 1982 1135 2049 ¹victores

128 2076 272 2139 omnium
288 2071 370 2131 eirca
391 2073 596 2154 populorum,
620 2072 747 2154 opilices
763 2094 801 2132 ac
820 2069 971 2154 lapicidas
992 2090 1053 2151 pro
1070 2074 1135 2143 bel-
1167 2106 1170 2114 ·

127 2163 280 2226 latoribus
300 2156 407 2218 sactos.
451 2158 589 2238 Indigna
611 2159 711 2218 Servii
735 2158 833 2217 Tullii
855 2157 937 2236 regis
957 2174 1135 2221 memorata

127 2250 257 2324 caedes,
276 2260 308 2307 et
323 2245 450 2305 invecta
464 2246 700 2326 corporiputris
714 2242 858 2303 nefando
876 2242 1021 2303 vehiculo
1038 2243 1134 2321 'lilia3

128 2334 330 2411 inuocatique
345 2333 462 2388 ultores
476 2348 645 2411 parentum
660 2330 727 2389 Dii.
750 2376 753 2381 -
773 2332 831 2391 His
846 2330 1133 2413 atrocioribusque,
1172 2352 1178 2379 ⁶

128 2422 242 2501 credo,
269 2416 358 2488 aliis,
388 2436 467 2494 quae
482 2414 630 2495 praesens
646 2437 750 2475 rerum
770 2417 948 2497 indignitas
966 2416 1137 2501 haudqua-

130 2503 345 2591 quamrelatu
359 2500 562 2581 scriptoribus
577 2501 682 2563 facilia
697 2502 847 2584 subjicit,
862 2504 1060 2577 memoratis,
1083 2505 1153 2565 in-r-
1172 2555 1178 2565 .

127 2593 255 2657 censam
277 2585 514 2647 multitudinem
535 2590 691 2670 perpulit,
721 2607 754 2647 ut
771 2591 939 2671 imperium
958 2590 1024 2671 regi
1041 2578 1178 2653 auro-'-

128 2696 235 2763 garet,
262 2672 445 2755 exsulesque
463 2673 527 2733 esse
543 2676 665 2758 juberet
686 2679 718 2736 l„
735 2676 948 2757 Tarquinium
965 2698 1038 2737 oum
1056 2698 1134 2739 oon·
1171 2672 1174 2677 ¹

128 2770 200 2853 juge
211 2786 249 2826 ac
261 2761 379 2821 liberis.
426 2761 513 2843 lpse,
535 2761 729 2845 junioribus,
757 2764 910 2845 quiultro
925 2763 1059 2835 nomina
1077 2762 1134 2826 da·
1176 2786 1179 2815 Ι

128 2858 226 2926 bmt,
250 2848 340 2907 lectis
354 2848 560 2927 armatisque,
587 2849 627 2909 ad
643 2849 871 2911 concitandum
887 2846 966 2909 inde
981 2848 1146 2923 adversus¹
1176 2888 1179 2917 z

127 2960 233 3022 regem
249 2932 423 2997 exercitum
443 2931 584 2997 Ardeam
600 2935 637 2995 in
651 2934 751 2995 castra
769 2936 815 2997 est
832 2936 1010 3019 prosectus;
1031 2936 1133 3019 impe·
1172 2954 1179 2993 t

127 3031 213 3091 rium
224 3024 262 3084 in
273 3023 351 3079 urbe
367 3021 530 3096 Lucretio,
554 3022 714 3104 praesecto
727 3024 816 3085 urbis
830 3024 896 3105 jam
911 3038 986 3083 ante
1001 3026 1042 3085 ab
1057 3042 1133 3105 rege
1177 3014 1179 3025 ¹

126 3114 286 3181 instituto,
308 3106 471 3187 relinquit.
516 3110 894 3171 Interhuuotumultum
908 3109 1019 3168 Tullia
1034 3106 1135 3171 domo
1174 3126 1179 3183 t

127 3198 281 3285 profugit,
316 3192 568 3273 exsecrantibus,
601 3217 790 3279 quacunque
815 3196 1002 3266 incedebat,
1040 3190 1155 3263 isium¹

125 3289 334 3363 cantibusque
347 3298 518 3363 pareutum
531 3282 631 3345 furias
646 3284 722 3345 viris
742 3284 1001 3363 mulieribusque.
1059 3348 1064 3357 ,

138 3518 162 3531 ,,
228 3457 292 3517 Lx.
337 3454 458 3515 Harum
491 3476 598 3517 rerum
629 3456 754 3517 nuntiis
786 3456 824 3517 in
851 3452 953 3515 castra
979 3452 1152 3539 perlati8,'

124 3564 198 3607 eum
216 3563 252 3603 re
271 3563 354 3603 nova
372 3540 515 3623 trepidus
533 3548 758 3626 rexlpergeret
772 3544 907 3603 Romam
932 3540 974 3601 ad
994 3541 1132 3624 compti·
1177 3554 1180 3595 ι

125 3628 260 3695 urendos
281 3644 400 3704 motus,
429 3628 517 3691 flexit
530 3629 614 3693 riam
627 3630 763 3711 Brutus,
788 3625 952 3702 (senserat
973 3630 1063 3707 enim
1076 3624 1131 3687 ad·

125 3715 274 3791 tantun)
294 3716 469 3799 lugubrius
490 3716 598 3799 fieren
623 3714 798 3801 eqdemque
810 3714 880 3781 sere
894 3712 1162 3803 tempore,[di·2'·

1059 3821 1133 3865 rer·
