<?xml version="1.0" encoding="UTF-8"?>
<!DOCTYPE html PUBLIC "-//W3C//DTD XHTML 1.0 Transitional//EN"
    "http://www.w3.org/TR/xhtml1/DTD/xhtml1-transitional.dtd">
<html xmlns="http://www.w3.org/1999/xhtml" xml:lang="en" lang="en">
 <head>
  <title>
</title>
<meta http-equiv="Content-Type" content="text/html;charset=utf-8" />
  <meta name='ocr-system' content='tesseract 3.04.00' />
  <meta name='ocr-capabilities' content='ocr_page ocr_carea ocr_par ocr_line ocrx_word'/>
</head>
<body>
  <div class='ocr_page' id='page_1' title='image "./historiarumlibr00livygoog/historiarumlibr00livygoog_0420.png"; bbox 0 0 2362 4148; ppageno 0'>
   <div class='ocr_carea' id='block_1_1' title="bbox 120 76 1132 301">
    <p class='ocr_par' dir='ltr' id='par_1_1' title="bbox 120 76 1132 308">
     <span class='ocr_line' id='line_1_1' title="bbox 334 76 1132 229; baseline -0.008 -40"><span class='ocrx_word' id='word_1_1' title='bbox 334 76 638 189; x_wconf 73' lang='lat' dir='ltr'><strong>tiernium</strong></span> <span class='ocrx_word' id='word_1_2' title='bbox 683 78 1132 229; x_wconf 35' lang='lat' dir='ltr'><strong>creatam-4</strong></span> 
     </span>
     <span class='ocr_line' id='line_1_2' title="bbox 120 210 975 301; baseline -0.001 -8"><span class='ocrx_word' id='word_1_3' title='bbox 120 210 321 231; x_wconf 89' lang='lat'>..........</span> <span class='ocrx_word' id='word_1_4' title='bbox 375 210 600 308; x_wconf 53' lang='grc' dir='ltr'><strong>6υ,61“261</strong></span> <span class='ocrx_word' id='word_1_5' title='bbox 630 208 880 301; x_wconf 63' lang='lat' dir='ltr'><strong>‘&#39;altins&#39;sa.</strong></span> <span class='ocrx_word' id='word_1_6' title='bbox 972 273 975 278; x_wconf 87' lang='lat'>.</span> 
     </span>
    </p>
   </div>
   <div class='ocr_carea' id='block_1_2' title="bbox 62 346 1156 1215">
    <p class='ocr_par' dir='ltr' id='par_1_2' title="bbox 122 346 1138 433">
     <span class='ocr_line' id='line_1_3' title="bbox 122 346 1138 433; baseline -0.004 -20"><span class='ocrx_word' id='word_1_7' title='bbox 122 373 186 429; x_wconf 83' lang='lat' dir='ltr'><strong>no,</strong></span> <span class='ocrx_word' id='word_1_8' title='bbox 210 348 442 433; x_wconf 64' lang='lat' dir='ltr'><strong>quadrantibus</strong></span> <span class='ocrx_word' id='word_1_9' title='bbox 457 351 553 411; x_wconf 81' lang='lat' dir='ltr'><strong>etiam</strong></span> <span class='ocrx_word' id='word_1_10' title='bbox 568 371 629 433; x_wconf 78' lang='lat' dir='ltr'><strong>pro</strong></span> <span class='ocrx_word' id='word_1_11' title='bbox 643 349 878 431; x_wconf 76' lang='lat' dir='ltr'><strong>longinquitate</strong></span> <span class='ocrx_word' id='word_1_12' title='bbox 892 346 1031 431; x_wconf 80' lang='lat' dir='ltr'><strong>adjectis.</strong></span> <span class='ocrx_word' id='word_1_13' title='bbox 1070 347 1138 409; x_wconf 83' lang='lat' dir='ltr'>Ex·-</span> 
     </span>
    </p>

    <p class='ocr_par' dir='ltr' id='par_1_3' title="bbox 73 434 1132 519">
     <span class='ocr_line' id='line_1_4' title="bbox 73 434 1132 519; baseline 0 -22"><span class='ocrx_word' id='word_1_14' title='bbox 73 488 80 497; x_wconf 85' lang='lat'><strong><em>.</em></strong></span> <span class='ocrx_word' id='word_1_15' title='bbox 124 453 173 499; x_wconf 87' lang='lat' dir='ltr'><strong>tra</strong></span> <span class='ocrx_word' id='word_1_16' title='bbox 187 457 334 519; x_wconf 83' lang='lat' dir='ltr'><strong>poenam</strong></span> <span class='ocrx_word' id='word_1_17' title='bbox 345 434 633 499; x_wconf 81' lang='lat' dir='ltr'><strong>fuereLatinorum</strong></span> <span class='ocrx_word' id='word_1_18' title='bbox 642 436 817 497; x_wconf 81' lang='lat' dir='ltr'><strong>Laurentes</strong></span> <span class='ocrx_word' id='word_1_19' title='bbox 825 436 1132 517; x_wconf 74' lang='lat' dir='ltr'><strong>Campanorumque</strong></span> 
     </span>
    </p>

    <p class='ocr_par' dir='ltr' id='par_1_4' title="bbox 124 520 1132 605">
     <span class='ocr_line' id='line_1_5' title="bbox 124 520 1132 605; baseline -0.005 -19"><span class='ocrx_word' id='word_1_20' title='bbox 124 523 265 603; x_wconf 85' lang='lat' dir='ltr'><strong>equites,</strong></span> <span class='ocrx_word' id='word_1_21' title='bbox 278 524 360 605; x_wconf 80' lang='lat' dir='ltr'><strong>:quia</strong></span> <span class='ocrx_word' id='word_1_22' title='bbox 374 543 445 583; x_wconf 88' lang='lat' dir='ltr'><strong>non</strong></span> <span class='ocrx_word' id='word_1_23' title='bbox 460 520 670 583; x_wconf 81' lang='lat' dir='ltr'><strong>desciverant.</strong></span> <span class='ocrx_word' id='word_1_24' title='bbox 698 562 702 569; x_wconf 90' lang='lat'>-</span> <span class='ocrx_word' id='word_1_25' title='bbox 715 524 794 583; x_wconf 89' lang='lat' dir='ltr'><strong>Cum</strong></span> <span class='ocrx_word' id='word_1_26' title='bbox 810 523 1021 583; x_wconf 76' lang='lat' dir='ltr'><strong>Laurentibus</strong></span> <span class='ocrx_word' id='word_1_27' title='bbox 1035 541 1132 581; x_wconf 87' lang='lat' dir='ltr'><strong>reno·</strong></span> 
     </span>
    </p>

    <p class='ocr_par' dir='ltr' id='par_1_5' title="bbox 123 606 1135 691">
     <span class='ocr_line' id='line_1_6' title="bbox 123 606 1135 691; baseline -0.003 -19"><span class='ocrx_word' id='word_1_28' title='bbox 123 610 194 672; x_wconf 79' lang='lat' dir='ltr'><strong>vari</strong></span> <span class='ocrx_word' id='word_1_29' title='bbox 208 606 321 671; x_wconf 83' lang='lat' dir='ltr'><strong>foedus</strong></span> <span class='ocrx_word' id='word_1_30' title='bbox 338 606 464 690; x_wconf 73' lang='lat' dir='ltr'><strong>julium.</strong></span> <span class='ocrx_word' id='word_1_31' title='bbox 509 624 746 689; x_wconf 78' lang='lat' dir='ltr'><strong>renovaturque</strong></span> <span class='ocrx_word' id='word_1_32' title='bbox 762 628 803 669; x_wconf 82' lang='lat' dir='ltr'><strong>ex</strong></span> <span class='ocrx_word' id='word_1_33' title='bbox 818 629 857 669; x_wconf 87' lang='lat' dir='ltr'><strong>eo</strong></span> <span class='ocrx_word' id='word_1_34' title='bbox 872 608 1048 690; x_wconf 75' lang='lat' dir='ltr'><strong>quotannis</strong></span> <span class='ocrx_word' id='word_1_35' title='bbox 1063 606 1135 691; x_wconf 80' lang='lat' dir='ltr'><strong>pol&#39;t</strong></span> 
     </span>
    </p>

    <p class='ocr_par' dir='ltr' id='par_1_6' title="bbox 123 692 1132 777">
     <span class='ocr_line' id='line_1_7' title="bbox 123 692 1132 777; baseline 0 -20"><span class='ocrx_word' id='word_1_36' title='bbox 123 692 212 758; x_wconf 83' lang='lat' dir='ltr'><strong>diem</strong></span> <span class='ocrx_word' id='word_1_37' title='bbox 230 692 395 757; x_wconf 73' lang='lat' dir='ltr'><strong>decimum</strong></span> <span class='ocrx_word' id='word_1_38' title='bbox 408 696 606 757; x_wconf 72' lang='lat' dir='ltr'><strong>Latinarum.</strong></span> <span class='ocrx_word' id='word_1_39' title='bbox 650 694 817 777; x_wconf 81' lang='lat' dir='ltr'><strong>Equitibus</strong></span> <span class='ocrx_word' id='word_1_40' title='bbox 832 694 1005 777; x_wconf 75' lang='lat' dir='ltr'><strong>campanis</strong></span> <span class='ocrx_word' id='word_1_41' title='bbox 1019 695 1132 757; x_wconf 80' lang='lat' dir='ltr'><strong>civitas</strong></span> 
     </span>
    </p>

    <p class='ocr_par' dir='ltr' id='par_1_7' title="bbox 123 779 1136 863">
     <span class='ocr_line' id='line_1_8' title="bbox 123 779 1136 863; baseline -0.001 -19"><span class='ocrx_word' id='word_1_42' title='bbox 123 781 216 844; x_wconf 79' lang='lat' dir='ltr'><strong>date:</strong></span> <span class='ocrx_word' id='word_1_43' title='bbox 237 788 516 863; x_wconf 80' lang='lat' dir='ltr'><strong>monumentoque</strong></span> <span class='ocrx_word' id='word_1_44' title='bbox 529 798 563 847; x_wconf 91' lang='lat' dir='ltr'><strong>ut</strong></span> <span class='ocrx_word' id='word_1_45' title='bbox 577 779 672 856; x_wconf 79' lang='lat' dir='ltr'><strong>esset,</strong></span> <span class='ocrx_word' id='word_1_46' title='bbox 694 802 829 843; x_wconf 84' lang='lat' dir='ltr'><strong>aeneam</strong></span> <span class='ocrx_word' id='word_1_47' title='bbox 843 783 986 843; x_wconf 84' lang='lat' dir='ltr'><strong>tabulam</strong></span> <span class='ocrx_word' id='word_1_48' title='bbox 1001 781 1040 842; x_wconf 88' lang='lat' dir='ltr'><strong>in</strong></span> <span class='ocrx_word' id='word_1_49' title='bbox 1053 780 1136 843; x_wconf 87' lang='lat' dir='ltr'><strong>aeda</strong></span> 
     </span>
    </p>

    <p class='ocr_par' dir='ltr' id='par_1_8' title="bbox 62 866 1135 951">
     <span class='ocr_line' id='line_1_9' title="bbox 62 866 1135 951; baseline 0.001 -22"><span class='ocrx_word' id='word_1_50' title='bbox 62 922 65 929; x_wconf 94' lang='grc'>,</span> <span class='ocrx_word' id='word_1_51' title='bbox 124 866 261 931; x_wconf 77' lang='lat' dir='ltr'><strong>Castoris</strong></span> <span class='ocrx_word' id='word_1_52' title='bbox 275 868 400 937; x_wconf 80' lang='lat' dir='ltr'><strong>Rornae</strong></span> <span class='ocrx_word' id='word_1_53' title='bbox 412 870 563 935; x_wconf 83' lang='lat' dir='ltr'><strong>fixerunt.</strong></span> <span class='ocrx_word' id='word_1_54' title='bbox 607 869 739 951; x_wconf 78' lang='lat' dir='ltr'><strong>vectigal</strong></span> <span class='ocrx_word' id='word_1_55' title='bbox 754 888 878 950; x_wconf 88' lang='lat' dir='ltr'><strong>quoque</strong></span> <span class='ocrx_word' id='word_1_56' title='bbox 895 868 940 931; x_wconf 84' lang='lat' dir='ltr'><strong>eis</strong></span> <span class='ocrx_word' id='word_1_57' title='bbox 947 871 1135 949; x_wconf 69' lang='lat' dir='ltr'><strong>Campanus</strong></span> 
     </span>
    </p>

    <p class='ocr_par' dir='ltr' id='par_1_9' title="bbox 123 952 1156 1131">
     <span class='ocr_line' id='line_1_10' title="bbox 123 952 1156 1040; baseline -0.001 -24"><span class='ocrx_word' id='word_1_58' title='bbox 123 956 261 1040; x_wconf 74' lang='lat' dir='ltr'><strong>populus</strong></span> <span class='ocrx_word' id='word_1_59' title='bbox 276 953 377 1036; x_wconf 72' lang='lat' dir='ltr'><strong>juiius</strong></span> <span class='ocrx_word' id='word_1_60' title='bbox 387 956 534 1036; x_wconf 87' lang='lat' dir='ltr'><strong>pendere</strong></span> <span class='ocrx_word' id='word_1_61' title='bbox 550 952 740 1036; x_wconf 80' lang='lat' dir='ltr'><strong>inlingulos</strong></span> <span class='ocrx_word' id='word_1_62' title='bbox 754 955 929 1036; x_wconf 83' lang='lat' dir='ltr'><strong>quotannis</strong></span> <span class='ocrx_word' id='word_1_63' title='bbox 942 952 1065 1028; x_wconf 78' lang='lat' dir='ltr'><strong>(fuere</strong></span> <span class='ocrx_word' id='word_1_64' title='bbox 1081 976 1134 1015; x_wconf 83' lang='lat' dir='ltr'><strong>au·</strong></span> <span class='ocrx_word' id='word_1_65' title='bbox 1151 998 1156 1005; x_wconf 82' lang='grc'><strong>-</strong></span> 
     </span>
     <span class='ocr_line' id='line_1_11' title="bbox 124 1039 1136 1131; baseline 0.004 -28"><span class='ocrx_word' id='word_1_66' title='bbox 124 1056 190 1103; x_wconf 86' lang='lat' dir='ltr'><strong>tem</strong></span> <span class='ocrx_word' id='word_1_67' title='bbox 213 1040 303 1101; x_wconf 84' lang='lat' dir='ltr'><strong>mille</strong></span> <span class='ocrx_word' id='word_1_68' title='bbox 332 1041 500 1120; x_wconf 77' lang='lat' dir='ltr'>sexcenti)</span> <span class='ocrx_word' id='word_1_69' title='bbox 515 1039 678 1107; x_wconf 55' lang='lat' dir='ltr'><strong>fdeuarios</strong></span> <span class='ocrx_word' id='word_1_70' title='bbox 710 1061 862 1105; x_wconf 80' lang='lat' dir='ltr'><strong>nummos</strong></span> <span class='ocrx_word' id='word_1_71' title='bbox 878 1039 1136 1131; x_wconf 79' lang='lat' dir='ltr'><strong>quadringenos</strong></span> 
     </span>
    </p>

    <p class='ocr_par' dir='ltr' id='par_1_10' title="bbox 121 1127 376 1215">
     <span class='ocr_line' id='line_1_12' title="bbox 121 1127 376 1215; baseline 0.004 -26"><span class='ocrx_word' id='word_1_72' title='bbox 121 1127 376 1215; x_wconf 81' lang='lat' dir='ltr'><strong>quinquagenos.</strong></span> 
     </span>
    </p>
   </div>
   <div class='ocr_carea' id='block_1_3' title="bbox 37 1296 1174 3804">
    <p class='ocr_par' dir='ltr' id='par_1_11' title="bbox 37 1296 1174 3804">
     <span class='ocr_line' id='line_1_13' title="bbox 54 1296 1137 1388; baseline 0.003 -26"><span class='ocrx_word' id='word_1_73' title='bbox 54 1326 58 1336; x_wconf 94' lang='lat'>·</span> <span class='ocrx_word' id='word_1_74' title='bbox 175 1358 178 1367; x_wconf 92' lang='grc'>,</span> <span class='ocrx_word' id='word_1_75' title='bbox 229 1300 300 1362; x_wconf 84' lang='lat' dir='ltr'><strong>llll.</strong></span> <span class='ocrx_word' id='word_1_76' title='bbox 336 1301 382 1363; x_wconf 85' lang='lat' dir='ltr'><strong>Ita</strong></span> <span class='ocrx_word' id='word_1_77' title='bbox 399 1302 485 1363; x_wconf 84' lang='lat' dir='ltr'><strong>bello</strong></span> <span class='ocrx_word' id='word_1_78' title='bbox 498 1298 593 1387; x_wconf 78' lang='lat' dir='ltr'><strong>gesto,</strong></span> <span class='ocrx_word' id='word_1_79' title='bbox 614 1304 764 1388; x_wconf 83' lang='lat' dir='ltr'><strong>praemiis</strong></span> <span class='ocrx_word' id='word_1_80' title='bbox 776 1321 945 1386; x_wconf 75' lang='lat' dir='ltr'><strong>poenaque</strong></span> <span class='ocrx_word' id='word_1_81' title='bbox 960 1296 1137 1385; x_wconf 71' lang='lat' dir='ltr'><strong>proruim-</strong></span> 
     </span>
     <span class='ocr_line' id='line_1_14' title="bbox 123 1385 1135 1471; baseline -0.002 -20"><span class='ocrx_word' id='word_1_82' title='bbox 123 1407 187 1471; x_wconf 75' lang='lat' dir='ltr'><strong>que</strong></span> <span class='ocrx_word' id='word_1_83' title='bbox 199 1389 318 1451; x_wconf 84' lang='lat' dir='ltr'><strong>merito</strong></span> <span class='ocrx_word' id='word_1_84' title='bbox 331 1385 564 1471; x_wconf 67' lang='lat' dir='ltr'><strong>persolutis„T.</strong></span> <span class='ocrx_word' id='word_1_85' title='bbox 572 1393 713 1453; x_wconf 84' lang='lat' dir='ltr'><strong>Manlius</strong></span> <span class='ocrx_word' id='word_1_86' title='bbox 729 1388 989 1459; x_wconf 78' lang='lat' dir='ltr'><strong>Romam-rediit:</strong></span> <span class='ocrx_word' id='word_1_87' title='bbox 1011 1390 1064 1449; x_wconf 90' lang='lat' dir='ltr'><strong>oui</strong></span> <span class='ocrx_word' id='word_1_88' title='bbox 1080 1410 1135 1450; x_wconf 81' lang='lat' dir='ltr'><strong>re·</strong></span> 
     </span>
     <span class='ocr_line' id='line_1_15' title="bbox 122 1472 1135 1560; baseline 0.002 -25"><span class='ocrx_word' id='word_1_89' title='bbox 122 1474 234 1537; x_wconf 73' lang='lat' dir='ltr'><strong>aienti</strong></span> <span class='ocrx_word' id='word_1_90' title='bbox 243 1472 391 1537; x_wconf 81' lang='lat' dir='ltr'><strong>saniores·</strong></span> <span class='ocrx_word' id='word_1_91' title='bbox 403 1491 528 1537; x_wconf 87' lang='lat' dir='ltr'><strong>tantum</strong></span> <span class='ocrx_word' id='word_1_92' title='bbox 548 1479 675 1541; x_wconf 84' lang='lat' dir='ltr'><strong>obviam</strong></span> <span class='ocrx_word' id='word_1_93' title='bbox 694 1476 794 1541; x_wconf 78' lang='lat' dir='ltr'><strong>exisse</strong></span> <span class='ocrx_word' id='word_1_94' title='bbox 816 1475 957 1552; x_wconf 77' lang='lat' dir='ltr'><strong>bonitat3</strong></span> <span class='ocrx_word' id='word_1_95' title='bbox 984 1477 1135 1560; x_wconf 80' lang='lat' dir='ltr'><strong>jurentu-</strong></span> 
     </span>
     <span class='ocr_line' id='line_1_16' title="bbox 80 1561 1134 1641; baseline -0.002 -20"><span class='ocrx_word' id='word_1_96' title='bbox 80 1614 89 1640; x_wconf 67' lang='lat'><strong>,</strong></span> <span class='ocrx_word' id='word_1_97' title='bbox 122 1575 217 1636; x_wconf 77' lang='lat' dir='ltr'><strong>tem,</strong></span> <span class='ocrx_word' id='word_1_98' title='bbox 234 1575 266 1621; x_wconf 90' lang='lat' dir='ltr'><strong>et</strong></span> <span class='ocrx_word' id='word_1_99' title='bbox 278 1576 373 1637; x_wconf 86' lang='lat' dir='ltr'><strong>tuno,</strong></span> <span class='ocrx_word' id='word_1_100' title='bbox 393 1578 428 1627; x_wconf 82' lang='lat' dir='ltr'><strong>et</strong></span> <span class='ocrx_word' id='word_1_101' title='bbox 443 1563 535 1631; x_wconf 87' lang='lat' dir='ltr'><strong>omni</strong></span> <span class='ocrx_word' id='word_1_102' title='bbox 551 1565 616 1641; x_wconf 83' lang='lat' dir='ltr'><strong>vita</strong></span> <span class='ocrx_word' id='word_1_103' title='bbox 632 1563 771 1637; x_wconf 85' lang='lat' dir='ltr'><strong>deinde,</strong></span> <span class='ocrx_word' id='word_1_104' title='bbox 794 1561 970 1625; x_wconf 75' lang='lat' dir='ltr'><strong>aversatam</strong></span> <span class='ocrx_word' id='word_1_105' title='bbox 985 1561 1061 1623; x_wconf 87' lang='lat' dir='ltr'><strong>eum</strong></span> <span class='ocrx_word' id='word_1_106' title='bbox 1073 1583 1134 1624; x_wconf 83' lang='lat' dir='ltr'><strong>ex.</strong></span> 
     </span>
     <span class='ocr_line' id='line_1_17' title="bbox 120 1644 1134 1735; baseline 0.001 -26"><span class='ocrx_word' id='word_1_107' title='bbox 120 1644 350 1729; x_wconf 65' lang='lat' dir='ltr'><strong>secretamque.</strong></span> <span class='ocrx_word' id='word_1_108' title='bbox 395 1645 526 1711; x_wconf 83' lang='lat' dir='ltr'><strong>Antiate</strong></span> <span class='ocrx_word' id='word_1_109' title='bbox 558 1653 595 1722; x_wconf 79' lang='lat' dir='ltr'><strong>in¹</strong></span> <span class='ocrx_word' id='word_1_110' title='bbox 610 1672 718 1735; x_wconf 83' lang='lat' dir='ltr'><strong>agrum</strong></span> <span class='ocrx_word' id='word_1_111' title='bbox 734 1646 931 1726; x_wconf 80' lang='lat' dir='ltr'><strong>Ostiensem,</strong></span> <span class='ocrx_word' id='word_1_112' title='bbox 943 1647 1134 1728; x_wconf 82' lang='lat' dir='ltr'><strong>Ardeatem,</strong></span> 
     </span>
     <span class='ocr_line' id='line_1_18' title="bbox 121 1670 1135 1817; baseline 0.007 -26"><span class='ocrx_word' id='word_1_113' title='bbox 121 1730 290 1798; x_wconf 81' lang='lat' dir='ltr'><strong>Solonium</strong></span> <span class='ocrx_word' id='word_1_114' title='bbox 312 1733 511 1798; x_wconf 87' lang='lat' dir='ltr'><strong>incurliones</strong></span> <span class='ocrx_word' id='word_1_115' title='bbox 528 1670 691 1801; x_wconf 76' lang='lat' dir='ltr'><strong>iecerunt.</strong></span> <span class='ocrx_word' id='word_1_116' title='bbox 735 1737 876 1799; x_wconf 87' lang='lat' dir='ltr'><strong>Manlius</strong></span> <span class='ocrx_word' id='word_1_117' title='bbox 896 1734 1025 1813; x_wconf 75' lang='lat' dir='ltr'><strong>consul,</strong></span> <span class='ocrx_word' id='word_1_118' title='bbox 1055 1739 1135 1817; x_wconf 84' lang='lat' dir='ltr'><strong>quia¹</strong></span> 
     </span>
     <span class='ocr_line' id='line_1_19' title="bbox 121 1819 1137 1907; baseline -0.001 -24"><span class='ocrx_word' id='word_1_119' title='bbox 121 1820 191 1903; x_wconf 78' lang='lat' dir='ltr'><strong>ipse</strong></span> <span class='ocrx_word' id='word_1_120' title='bbox 206 1841 266 1902; x_wconf 89' lang='lat' dir='ltr'><strong>per</strong></span> <span class='ocrx_word' id='word_1_121' title='bbox 282 1819 500 1883; x_wconf 84' lang='lat' dir='ltr'><strong>valetudinem</strong></span> <span class='ocrx_word' id='word_1_122' title='bbox 513 1822 549 1889; x_wconf 88' lang='lat' dir='ltr'><strong>id</strong></span> <span class='ocrx_word' id='word_1_123' title='bbox 565 1826 683 1887; x_wconf 88' lang='lat' dir='ltr'><strong>bellum</strong></span> <span class='ocrx_word' id='word_1_124' title='bbox 701 1822 829 1907; x_wconf 77' lang='lat' dir='ltr'><strong>exsequi</strong></span> <span class='ocrx_word' id='word_1_125' title='bbox 837 1824 1016 1905; x_wconf 87' lang='lat' dir='ltr'><strong>nequierat,</strong></span> <span class='ocrx_word' id='word_1_126' title='bbox 1031 1820 1137 1899; x_wconf 71' lang='lat' dir='ltr'><strong>dieta·⁴</strong></span> 
     </span>
     <span class='ocr_line' id='line_1_20' title="bbox 52 1906 1127 1994; baseline 0 -23"><span class='ocrx_word' id='word_1_127' title='bbox 52 1962 57 1971; x_wconf 85' lang='lat'>.</span> <span class='ocrx_word' id='word_1_128' title='bbox 121 1922 225 1970; x_wconf 84' lang='lat' dir='ltr'><strong>torem</strong></span> <span class='ocrx_word' id='word_1_129' title='bbox 242 1909 276 1969; x_wconf 79' lang='lat' dir='ltr'>L</span> <span class='ocrx_word' id='word_1_130' title='bbox 291 1909 451 1990; x_wconf 83' lang='lat' dir='ltr'><strong>Papirium</strong></span> <span class='ocrx_word' id='word_1_131' title='bbox 469 1910 630 1989; x_wconf 79' lang='lat' dir='ltr'><strong>Crassum,</strong></span> <span class='ocrx_word' id='word_1_132' title='bbox 652 1914 791 1994; x_wconf 85' lang='lat' dir='ltr'><strong>quitum</strong></span> <span class='ocrx_word' id='word_1_133' title='bbox 806 1906 889 1971; x_wconf 84' lang='lat' dir='ltr'><strong>forte</strong></span> <span class='ocrx_word' id='word_1_134' title='bbox 904 1926 972 1971; x_wconf 85' lang='lat' dir='ltr'><strong>erat</strong></span> <span class='ocrx_word' id='word_1_135' title='bbox 987 1924 1127 1992; x_wconf 78' lang='lat' dir='ltr'><strong>praetor,</strong></span> 
     </span>
     <span class='ocr_line' id='line_1_21' title="bbox 121 1993 1158 2081; baseline -0.001 -24"><span class='ocrx_word' id='word_1_136' title='bbox 121 1993 228 2057; x_wconf 73' lang='lat' dir='ltr'><strong>diuirr</strong></span> <span class='ocrx_word' id='word_1_137' title='bbox 247 1996 288 2055; x_wconf 83' lang='lat' dir='ltr'><strong>ab</strong></span> <span class='ocrx_word' id='word_1_138' title='bbox 305 2014 349 2055; x_wconf 88' lang='lat' dir='ltr'><strong>eo·</strong></span> <span class='ocrx_word' id='word_1_139' title='bbox 357 1994 503 2077; x_wconf 85' lang='lat' dir='ltr'><strong>magister</strong></span> <span class='ocrx_word' id='word_1_140' title='bbox 518 1999 658 2080; x_wconf 87' lang='lat' dir='ltr'><strong>equitum</strong></span> <span class='ocrx_word' id='word_1_141' title='bbox 675 2000 709 2061; x_wconf 88' lang='lat' dir='ltr'><strong>L.</strong></span> <span class='ocrx_word' id='word_1_142' title='bbox 729 1997 872 2081; x_wconf 72' lang='lat' dir='ltr'><strong>Papirius</strong></span> <span class='ocrx_word' id='word_1_143' title='bbox 881 1994 997 2059; x_wconf 80' lang='lat' dir='ltr'><strong>Cursor</strong></span> <span class='ocrx_word' id='word_1_144' title='bbox 1011 1994 1125 2081; x_wconf 63' lang='lat' dir='ltr'><strong>dimus.</strong></span> <span class='ocrx_word' id='word_1_145' title='bbox 1154 2024 1158 2029; x_wconf 94' lang='lat'>·</span> 
     </span>
     <span class='ocr_line' id='line_1_22' title="bbox 120 2078 1125 2163; baseline -0.003 -17"><span class='ocrx_word' id='word_1_146' title='bbox 120 2081 215 2146; x_wconf 80' lang='lat' dir='ltr'><strong>Nihil</strong></span> <span class='ocrx_word' id='word_1_147' title='bbox 231 2082 439 2143; x_wconf 84' lang='lat' dir='ltr'><strong>memorabile</strong></span> <span class='ocrx_word' id='word_1_148' title='bbox 453 2081 601 2146; x_wconf 77' lang='lat' dir='ltr'><strong>adversus</strong></span> <span class='ocrx_word' id='word_1_149' title='bbox 616 2083 764 2149; x_wconf 76' lang='lat' dir='ltr'><strong>Antiates</strong></span> <span class='ocrx_word' id='word_1_150' title='bbox 779 2086 820 2144; x_wconf 89' lang='lat' dir='ltr'><strong>ab</strong></span> <span class='ocrx_word' id='word_1_151' title='bbox 834 2082 992 2145; x_wconf 73' lang='lat' dir='ltr'><strong>dictatore</strong></span> <span class='ocrx_word' id='word_1_152' title='bbox 1003 2078 1125 2163; x_wconf 73' lang='lat' dir='ltr'><strong>gestum</strong></span> 
     </span>
     <span class='ocr_line' id='line_1_23' title="bbox 123 2164 1129 2255; baseline -0.006 -22"><span class='ocrx_word' id='word_1_153' title='bbox 123 2168 186 2247; x_wconf 86' lang='lat' dir='ltr'><strong>eit,</strong></span> <span class='ocrx_word' id='word_1_154' title='bbox 210 2189 282 2229; x_wconf 87' lang='lat' dir='ltr'><strong>oum</strong></span> <span class='ocrx_word' id='word_1_155' title='bbox 308 2168 427 2248; x_wconf 79' lang='lat' dir='ltr'><strong>aliquot</strong></span> <span class='ocrx_word' id='word_1_156' title='bbox 451 2164 579 2233; x_wconf 82' lang='lat' dir='ltr'><strong>menses</strong></span> <span class='ocrx_word' id='word_1_157' title='bbox 594 2170 704 2234; x_wconf 80' lang='lat' dir='ltr'><strong>stativa</strong></span> <span class='ocrx_word' id='word_1_158' title='bbox 724 2171 762 2231; x_wconf 86' lang='lat' dir='ltr'><strong>in</strong></span> <span class='ocrx_word' id='word_1_159' title='bbox 777 2190 853 2255; x_wconf 83' lang='lat' dir='ltr'><strong>agro</strong></span> <span class='ocrx_word' id='word_1_160' title='bbox 868 2168 991 2235; x_wconf 82' lang='lat' dir='ltr'><strong>Antiati</strong></span> <span class='ocrx_word' id='word_1_161' title='bbox 1001 2164 1129 2245; x_wconf 71' lang='lat' dir='ltr'><strong>babuis-</strong></span> 
     </span>
     <span class='ocr_line' id='line_1_24' title="bbox 120 2253 1135 2340; baseline -0.004 -21"><span class='ocrx_word' id='word_1_162' title='bbox 120 2256 177 2319; x_wconf 75' lang='lat' dir='ltr'><strong>iet.</strong></span> <span class='ocrx_word' id='word_1_163' title='bbox 216 2253 337 2317; x_wconf 64' lang='lat' dir='ltr'><strong>*Auno</strong></span> <span class='ocrx_word' id='word_1_164' title='bbox 351 2254 469 2339; x_wconf 74' lang='lat' dir='ltr'><strong>inliqni</strong></span> <span class='ocrx_word' id='word_1_165' title='bbox 486 2259 621 2321; x_wconf 80' lang='lat' dir='ltr'><strong>uictoria·</strong></span> <span class='ocrx_word' id='word_1_166' title='bbox 631 2256 672 2319; x_wconf 83' lang='lat' dir='ltr'><strong>de</strong></span> <span class='ocrx_word' id='word_1_167' title='bbox 681 2275 727 2319; x_wconf 88' lang='lat' dir='ltr'><strong>tot</strong></span> <span class='ocrx_word' id='word_1_168' title='bbox 742 2279 780 2321; x_wconf 83' lang='lat' dir='ltr'><strong>ao</strong></span> <span class='ocrx_word' id='word_1_169' title='bbox 794 2275 861 2319; x_wconf 88' lang='lat' dir='ltr'><strong>tam</strong></span> <span class='ocrx_word' id='word_1_170' title='bbox 877 2256 1060 2340; x_wconf 84' lang='lat' dir='ltr'><strong>potentibus</strong></span> <span class='ocrx_word' id='word_1_171' title='bbox 1074 2274 1135 2337; x_wconf 65' lang='lat' dir='ltr'><strong>pm</strong></span> 
     </span>
     <span class='ocr_line' id='line_1_25' title="bbox 120 2342 1131 2428; baseline -0.003 -22"><span class='ocrx_word' id='word_1_172' title='bbox 120 2346 222 2428; x_wconf 79' lang='lat' dir='ltr'><strong>pulis,</strong></span> <span class='ocrx_word' id='word_1_173' title='bbox 245 2342 292 2402; x_wconf 85' lang='lat' dir='ltr'><strong>-ad</strong></span> <span class='ocrx_word' id='word_1_174' title='bbox 303 2342 558 2405; x_wconf 80' lang='lat' dir='ltr'><strong>boo-consulum</strong></span> <span class='ocrx_word' id='word_1_175' title='bbox 573 2347 701 2407; x_wconf 88' lang='lat' dir='ltr'><strong>alterius</strong></span> <span class='ocrx_word' id='word_1_176' title='bbox 719 2344 823 2407; x_wconf 86' lang='lat' dir='ltr'><strong>nobili</strong></span> <span class='ocrx_word' id='word_1_177' title='bbox 845 2360 967 2416; x_wconf 88' lang='lat' dir='ltr'><strong>morte,</strong></span> <span class='ocrx_word' id='word_1_178' title='bbox 999 2342 1131 2403; x_wconf 76' lang='lat' dir='ltr'><strong>alteriue</strong></span> 
     </span>
     <span class='ocr_line' id='line_1_26' title="bbox 118 2424 1133 2511; baseline -0.005 -19"><span class='ocrx_word' id='word_1_179' title='bbox 118 2429 312 2502; x_wconf 70' lang='lat' dir='ltr'><strong>liturnum,</strong></span> <span class='ocrx_word' id='word_1_180' title='bbox 335 2428 380 2488; x_wconf 84' lang='lat' dir='ltr'><strong>ita</strong></span> <span class='ocrx_word' id='word_1_181' title='bbox 395 2429 482 2507; x_wconf 79' lang='lat' dir='ltr'><strong>claro</strong></span> <span class='ocrx_word' id='word_1_182' title='bbox 499 2429 753 2505; x_wconf 85' lang='lat' dir='ltr'><strong>admemoriam,</strong></span> <span class='ocrx_word' id='word_1_183' title='bbox 774 2428 935 2511; x_wconf 84' lang='lat' dir='ltr'><strong>imperio,</strong></span> <span class='ocrx_word' id='word_1_184' title='bbox 954 2424 1133 2488; x_wconf 76' lang='lat' dir='ltr'><strong>successere</strong></span> 
     </span>
     <span class='ocr_line' id='line_1_27' title="bbox 118 2508 1132 2591; baseline -0.007 -14"><span class='ocrx_word' id='word_1_185' title='bbox 118 2514 265 2577; x_wconf 74' lang='lat' dir='ltr'><strong>eonsules</strong></span> <span class='ocrx_word' id='word_1_186' title='bbox 274 2514 325 2573; x_wconf 83' lang='lat' dir='ltr'><strong>Ti.</strong></span> <span class='ocrx_word' id='word_1_187' title='bbox 340 2512 497 2577; x_wconf 74' lang='lat' dir='ltr'><strong>Aemilius</strong></span> <span class='ocrx_word' id='word_1_188' title='bbox 514 2519 731 2577; x_wconf 78' lang='lat' dir='ltr'><strong>Mamereinus</strong></span> <span class='ocrx_word' id='word_1_189' title='bbox 748 2508 787 2575; x_wconf 84' lang='lat' dir='ltr'><strong>et‘</strong></span> <span class='ocrx_word' id='word_1_190' title='bbox 798 2516 838 2591; x_wconf 84' lang='lat' dir='ltr'><strong>Q.</strong></span> <span class='ocrx_word' id='word_1_191' title='bbox 852 2508 1003 2573; x_wconf 81' lang='lat' dir='ltr'><strong>Publilius</strong></span> <span class='ocrx_word' id='word_1_192' title='bbox 1016 2508 1132 2589; x_wconf 76' lang='lat' dir='ltr'><strong>Phi103</strong></span> 
     </span>
     <span class='ocr_line' id='line_1_28' title="bbox 117 2589 1128 2681; baseline -0.001 -23"><span class='ocrx_word' id='word_1_193' title='bbox 117 2620 227 2681; x_wconf 73' lang='lat' dir='ltr'><strong>neque</strong></span> <span class='ocrx_word' id='word_1_194' title='bbox 241 2599 280 2659; x_wconf 85' lang='lat' dir='ltr'><strong>iu</strong></span> <span class='ocrx_word' id='word_1_195' title='bbox 290 2597 426 2659; x_wconf 73' lang='lat' dir='ltr'><strong>similem</strong></span> <span class='ocrx_word' id='word_1_196' title='bbox 446 2603 613 2661; x_wconf 78' lang='lat' dir='ltr'><strong>materiam</strong></span> <span class='ocrx_word' id='word_1_197' title='bbox 638 2589 766 2673; x_wconf 54' lang='lat' dir='ltr'><strong>re&#39;rum‘,¹</strong></span> <span class='ocrx_word' id='word_1_198' title='bbox 796 2614 829 2657; x_wconf 88' lang='lat' dir='ltr'><strong>et</strong></span> <span class='ocrx_word' id='word_1_199' title='bbox 844 2593 905 2678; x_wconf 75' lang='lat' dir='ltr'><strong>ipli</strong></span> <span class='ocrx_word' id='word_1_200' title='bbox 922 2609 977 2653; x_wconf 85' lang='lat' dir='ltr'><strong>aut</strong></span> <span class='ocrx_word' id='word_1_201' title='bbox 996 2592 1128 2659; x_wconf 83' lang='lat' dir='ltr'><strong>suarum</strong></span> 
     </span>
     <span class='ocr_line' id='line_1_29' title="bbox 115 2683 1126 2769; baseline -0.008 -20"><span class='ocrx_word' id='word_1_202' title='bbox 115 2706 254 2760; x_wconf 73' lang='lat' dir='ltr'><strong>rerum,</strong></span> <span class='ocrx_word' id='word_1_203' title='bbox 279 2686 485 2767; x_wconf 78' lang='lat' dir='ltr'><strong>autpertium</strong></span> <span class='ocrx_word' id='word_1_204' title='bbox 499 2686 539 2749; x_wconf 84' lang='lat' dir='ltr'><strong>in</strong></span> <span class='ocrx_word' id='word_1_205' title='bbox 553 2688 716 2769; x_wconf 79' lang='lat' dir='ltr'><strong>republica</strong></span> <span class='ocrx_word' id='word_1_206' title='bbox 732 2683 850 2765; x_wconf 84' lang='lat' dir='ltr'><strong>magis,</strong></span> <span class='ocrx_word' id='word_1_207' title='bbox 881 2701 976 2764; x_wconf 89' lang='lat' dir='ltr'><strong>quam</strong></span> <span class='ocrx_word' id='word_1_208' title='bbox 991 2683 1126 2762; x_wconf 74' lang='lat' dir='ltr'><strong>patriae,</strong></span> 
     </span>
     <span class='ocr_line' id='line_1_30' title="bbox 37 2768 1126 2855; baseline -0.006 -18"><span class='ocrx_word' id='word_1_209' title='bbox 37 2804 42 2815; x_wconf 86' lang='grc'>·</span> <span class='ocrx_word' id='word_1_210' title='bbox 114 2790 286 2837; x_wconf 81' lang='lat' dir='ltr'><strong>memores.</strong></span> <span class='ocrx_word' id='word_1_211' title='bbox 333 2770 481 2846; x_wconf 84' lang='lat' dir='ltr'><strong>Latinos,</strong></span> <span class='ocrx_word' id='word_1_212' title='bbox 504 2775 546 2833; x_wconf 91' lang='lat' dir='ltr'><strong>ob</strong></span> <span class='ocrx_word' id='word_1_213' title='bbox 564 2773 647 2835; x_wconf 86' lang='lat' dir='ltr'><strong>iram</strong></span> <span class='ocrx_word' id='word_1_214' title='bbox 663 2772 729 2855; x_wconf 83' lang='lat' dir='ltr'><strong>agri</strong></span> <span class='ocrx_word' id='word_1_215' title='bbox 742 2768 842 2831; x_wconf 79' lang='lat' dir='ltr'><strong>amisii</strong></span> <span class='ocrx_word' id='word_1_216' title='bbox 856 2768 1062 2844; x_wconf 83' lang='lat' dir='ltr'><strong>rebellantes,</strong></span> <span class='ocrx_word' id='word_1_217' title='bbox 1085 2770 1126 2831; x_wconf 83' lang='lat' dir='ltr'><strong>in</strong></span> 
     </span>
     <span class='ocr_line' id='line_1_31' title="bbox 96 2854 1130 2941; baseline -0.005 -18"><span class='ocrx_word' id='word_1_218' title='bbox 96 2860 237 2941; x_wconf 83' lang='lat' dir='ltr'><strong>-oempis</strong></span> <span class='ocrx_word' id='word_1_219' title='bbox 254 2858 447 2919; x_wconf 83' lang='lat' dir='ltr'><strong>Fenectanis</strong></span> <span class='ocrx_word' id='word_1_220' title='bbox 470 2857 643 2937; x_wconf 84' lang='lat' dir='ltr'><strong>fuderunt,</strong></span> <span class='ocrx_word' id='word_1_221' title='bbox 666 2858 837 2940; x_wconf 79' lang='lat' dir='ltr'><strong>castrisque</strong></span> <span class='ocrx_word' id='word_1_222' title='bbox 857 2871 1027 2919; x_wconf 79' lang='lat' dir='ltr'><strong>exuerunt.</strong></span> <span class='ocrx_word' id='word_1_223' title='bbox 1073 2854 1130 2930; x_wconf 58' lang='lat' dir='ltr'><strong>mi,</strong></span> 
     </span>
     <span class='ocr_line' id='line_1_32' title="bbox 113 2938 1125 3031; baseline -0.01 -19"><span class='ocrx_word' id='word_1_224' title='bbox 113 2946 260 3020; x_wconf 86' lang='lat' dir='ltr'><strong>Publilio,</strong></span> <span class='ocrx_word' id='word_1_225' title='bbox 277 2942 364 3026; x_wconf 82' lang='lat' dir='ltr'><strong>cujus</strong></span> <span class='ocrx_word' id='word_1_226' title='bbox 377 2941 850 3031; x_wconf 79' lang='lat' dir='ltr'><strong>duetuaulpioioqueresgeltaa</strong></span> <span class='ocrx_word' id='word_1_227' title='bbox 867 2956 970 3019; x_wconf 84' lang='lat' dir='ltr'><strong>erant,</strong></span> <span class='ocrx_word' id='word_1_228' title='bbox 988 2943 1025 3002; x_wconf 90' lang='lat' dir='ltr'><strong>in</strong></span> <span class='ocrx_word' id='word_1_229' title='bbox 1033 2938 1125 3019; x_wconf 85' lang='lat' dir='ltr'><strong>dedi·¹</strong></span> 
     </span>
     <span class='ocr_line' id='line_1_33' title="bbox 114 3029 1125 3118; baseline -0.006 -21"><span class='ocrx_word' id='word_1_230' title='bbox 114 3035 241 3097; x_wconf 85' lang='lat' dir='ltr'><strong>tionem</strong></span> <span class='ocrx_word' id='word_1_231' title='bbox 254 3030 435 3114; x_wconf 71' lang='lat' dir='ltr'><strong>accipiente</strong></span> <span class='ocrx_word' id='word_1_232' title='bbox 448 3034 578 3097; x_wconf 81' lang='lat' dir='ltr'><strong>Latinos</strong></span> <span class='ocrx_word' id='word_1_233' title='bbox 591 3036 736 3118; x_wconf 86' lang='lat' dir='ltr'><strong>populos,</strong></span> <span class='ocrx_word' id='word_1_234' title='bbox 750 3053 895 3115; x_wconf 76' lang='lat' dir='ltr'><strong>,quorum</strong></span> <span class='ocrx_word' id='word_1_235' title='bbox 911 3030 957 3090; x_wconf 87' lang='lat' dir='ltr'><strong>ibi</strong></span> <span class='ocrx_word' id='word_1_236' title='bbox 973 3029 1125 3108; x_wconf 77' lang='lat' dir='ltr'><strong>juventus</strong></span> 
     </span>
     <span class='ocr_line' id='line_1_34' title="bbox 114 3114 1174 3194; baseline -0.009 -11"><span class='ocrx_word' id='word_1_237' title='bbox 114 3114 306 3194; x_wconf 75' lang='lat' dir='ltr'><strong>maluerat,</strong></span> <span class='ocrx_word' id='word_1_238' title='bbox 326 3114 481 3185; x_wconf 74' lang='lat' dir='ltr'><strong>Aemilius</strong></span> <span class='ocrx_word' id='word_1_239' title='bbox 498 3119 540 3181; x_wconf 88' lang='lat' dir='ltr'><strong>ad</strong></span> <span class='ocrx_word' id='word_1_240' title='bbox 558 3121 676 3183; x_wconf 84' lang='lat' dir='ltr'><strong>Pedum</strong></span> <span class='ocrx_word' id='word_1_241' title='bbox 692 3120 868 3183; x_wconf 81' lang='lat' dir='ltr'><strong>exereitum</strong></span> <span class='ocrx_word' id='word_1_242' title='bbox 885 3115 987 3177; x_wconf 80' lang='lat' dir='ltr'><strong>duxit.</strong></span> <span class='ocrx_word' id='word_1_243' title='bbox 1026 3114 1125 3175; x_wconf 73' lang='lat' dir='ltr'><strong>Pede·</strong></span> <span class='ocrx_word' id='word_1_244' title='bbox 1171 3142 1174 3149; x_wconf 91' lang='lat'>·</span> 
     </span>
     <span class='ocr_line' id='line_1_35' title="bbox 113 3206 1125 3286; baseline -0.008 -15"><span class='ocrx_word' id='word_1_245' title='bbox 113 3229 176 3271; x_wconf 80' lang='lat' dir='ltr'><strong>nos</strong></span> <span class='ocrx_word' id='word_1_246' title='bbox 188 3211 336 3271; x_wconf 86' lang='lat' dir='ltr'><strong>tuebatur</strong></span> <span class='ocrx_word' id='word_1_247' title='bbox 345 3207 478 3282; x_wconf 86' lang='lat' dir='ltr'><strong>Tiburs,</strong></span> <span class='ocrx_word' id='word_1_248' title='bbox 501 3207 741 3283; x_wconf 76' lang='lat' dir='ltr'><strong>Praenestinus,</strong></span> <span class='ocrx_word' id='word_1_249' title='bbox 760 3206 1009 3285; x_wconf 85' lang='lat' dir='ltr'><strong>Veliternusque</strong></span> <span class='ocrx_word' id='word_1_250' title='bbox 1022 3222 1125 3286; x_wconf 86' lang='lat' dir='ltr'><strong>popu·</strong></span> 
     </span>
     <span class='ocr_line' id='line_1_36' title="bbox 112 3289 1122 3375; baseline -0.008 -17"><span class='ocrx_word' id='word_1_251' title='bbox 112 3296 180 3358; x_wconf 84' lang='lat' dir='ltr'><strong>lus:</strong></span> <span class='ocrx_word' id='word_1_252' title='bbox 206 3306 410 3358; x_wconf 79' lang='lat' dir='ltr'><strong>venerant-et</strong></span> <span class='ocrx_word' id='word_1_253' title='bbox 422 3300 463 3355; x_wconf 79' lang='lat' dir='ltr'><strong>ab</strong></span> <span class='ocrx_word' id='word_1_254' title='bbox 477 3295 620 3361; x_wconf 72' lang='lat' dir='ltr'><strong>Lanuvio</strong></span> <span class='ocrx_word' id='word_1_255' title='bbox 628 3295 795 3375; x_wconf 77' lang='lat' dir='ltr'><strong>Antioque,</strong></span> <span class='ocrx_word' id='word_1_256' title='bbox 806 3291 936 3353; x_wconf 86' lang='lat' dir='ltr'><strong>auxilia.</strong></span> <span class='ocrx_word' id='word_1_257' title='bbox 961 3289 1026 3349; x_wconf 89' lang='lat' dir='ltr'><strong>Ubi</strong></span> <span class='ocrx_word' id='word_1_258' title='bbox 1045 3309 1122 3350; x_wconf 83' lang='lat' dir='ltr'><strong>eum</strong></span> 
     </span>
     <span class='ocr_line' id='line_1_37' title="bbox 112 3374 1142 3521; baseline -0.006 -81"><span class='ocrx_word' id='word_1_259' title='bbox 112 3383 244 3466; x_wconf 84' lang='lat' dir='ltr'><strong>proeliis</strong></span> <span class='ocrx_word' id='word_1_260' title='bbox 261 3377 393 3464; x_wconf 80' lang='lat' dir='ltr'><strong>quidem</strong></span> <span class='ocrx_word' id='word_1_261' title='bbox 408 3378 551 3464; x_wconf 79' lang='lat' dir='ltr'><strong>superior</strong></span> <span class='ocrx_word' id='word_1_262' title='bbox 560 3384 727 3445; x_wconf 79' lang='lat' dir='ltr'><strong>Romanus</strong></span> <span class='ocrx_word' id='word_1_263' title='bbox 743 3378 829 3457; x_wconf 78' lang='lat' dir='ltr'><strong>alsat,</strong></span> <span class='ocrx_word' id='word_1_264' title='bbox 844 3377 887 3439; x_wconf 87' lang='lat' dir='ltr'><strong>ad</strong></span> <span class='ocrx_word' id='word_1_265' title='bbox 897 3380 1010 3451; x_wconf 77' lang='lat' dir='ltr'><strong>urbem</strong></span> <span class='ocrx_word' id='word_1_266' title='bbox 1019 3374 1124 3521; x_wconf 69' lang='lat' dir='ltr'><strong>ipsam</strong></span> <span class='ocrx_word' id='word_1_267' title='bbox 1139 3416 1142 3421; x_wconf 91' lang='lat'>-</span> 
     </span>
     <span class='ocr_line' id='line_1_38' title="bbox 111 3462 1123 3552; baseline -0.009 -20"><span class='ocrx_word' id='word_1_268' title='bbox 111 3466 233 3532; x_wconf 85' lang='lat' dir='ltr'><strong>Pedum</strong></span> <span class='ocrx_word' id='word_1_269' title='bbox 249 3462 411 3551; x_wconf 77' lang='lat' dir='ltr'><strong>castraque&#39;</strong></span> <span class='ocrx_word' id='word_1_270' title='bbox 424 3466 581 3529; x_wconf 83' lang='lat' dir='ltr'><strong>sociorum</strong></span> <span class='ocrx_word' id='word_1_271' title='bbox 596 3470 806 3552; x_wconf 89' lang='lat' dir='ltr'><strong>populorum,</strong></span> <span class='ocrx_word' id='word_1_272' title='bbox 827 3486 909 3548; x_wconf 88' lang='lat' dir='ltr'><strong>quae</strong></span> <span class='ocrx_word' id='word_1_273' title='bbox 921 3463 992 3525; x_wconf 86' lang='lat' dir='ltr'><strong>urbi</strong></span> <span class='ocrx_word' id='word_1_274' title='bbox 1008 3482 1027 3520; x_wconf 86' lang='lat' dir='ltr'><strong>a</strong></span> <span class='ocrx_word' id='word_1_275' title='bbox 1050 3467 1123 3543; x_wconf 83' lang='lat' dir='ltr'><strong>jun·</strong></span> 
     </span>
     <span class='ocr_line' id='line_1_39' title="bbox 112 3550 1124 3638; baseline -0.005 -22"><span class='ocrx_word' id='word_1_276' title='bbox 112 3570 162 3617; x_wconf 85' lang='lat' dir='ltr'><strong>ota</strong></span> <span class='ocrx_word' id='word_1_277' title='bbox 173 3572 284 3631; x_wconf 82' lang='lat' dir='ltr'><strong>erent,</strong></span> <span class='ocrx_word' id='word_1_278' title='bbox 314 3552 440 3638; x_wconf 84' lang='lat' dir='ltr'><strong>integer</strong></span> <span class='ocrx_word' id='word_1_279' title='bbox 462 3557 552 3617; x_wconf 89' lang='lat' dir='ltr'><strong>labor</strong></span> <span class='ocrx_word' id='word_1_280' title='bbox 568 3554 719 3629; x_wconf 74' lang='lat' dir='ltr'><strong>reiteret,</strong></span> <span class='ocrx_word' id='word_1_281' title='bbox 747 3555 831 3616; x_wconf 90' lang='lat' dir='ltr'><strong>bello</strong></span> <span class='ocrx_word' id='word_1_282' title='bbox 845 3550 969 3615; x_wconf 75' lang='lat' dir='ltr'><strong>inferto</strong></span> <span class='ocrx_word' id='word_1_283' title='bbox 985 3564 1124 3631; x_wconf 87' lang='lat' dir='ltr'><strong>repente</strong></span> 
     </span>
     <span class='ocr_line' id='line_1_40' title="bbox 110 3633 1124 3736; baseline -0.007 -28"><span class='ocrx_word' id='word_1_284' title='bbox 110 3639 380 3727; x_wconf 77' lang='lat' dir='ltr'><strong>omillo,uuulul,</strong></span> <span class='ocrx_word' id='word_1_285' title='bbox 402 3642 479 3729; x_wconf 79' lang='lat' dir='ltr'><strong>quie</strong></span> <span class='ocrx_word' id='word_1_286' title='bbox 489 3643 628 3730; x_wconf 64' lang='lat' dir='ltr'><strong>euagre</strong></span> <span class='ocrx_word' id='word_1_287' title='bbox 643 3633 1124 3736; x_wconf 76' lang='lat' dir='ltr'><strong>decretumtriunpbumaucli·</strong></span> 
     </span>
     <span class='ocr_line' id='line_1_41' title="bbox 1060 3736 1122 3804; baseline -0.048 -17"><span class='ocrx_word' id='word_1_288' title='bbox 1060 3736 1122 3804; x_wconf 86' lang='lat' dir='ltr'><strong>nr,</strong></span> 
     </span>
    </p>
   </div>
   <div class='ocr_carea' id='block_1_4' title="bbox 0 0 1186 4148">
    <p class='ocr_par' dir='ltr' id='par_1_12' title="bbox 0 0 1186 4148">
     <span class='ocr_line' id='line_1_42' title="bbox 0 0 1186 4148; baseline 0 3"><span class='ocrx_word' id='word_1_289' title='bbox 0 0 1186 4148; x_wconf 95' lang='lat' dir='ltr'><strong> </strong></span> 
     </span>
    </p>
   </div>
  </div>
 </body>
</html>
