2362 4148
53 29 1173 62 ψ’

105 350 1112 375 mmm

66 418 69 423 ·
102 391 160 474 gis.
176 413 266 455 nuno
281 392 337 453 vix
349 388 431 459 serio
445 390 489 451 ita
504 376 647 451 minetur
664 390 839 470 quisquam.
865 389 990 449 Bessum
1004 375 1110 447 abeo·

53 499 54 506 ’
104 476 180 545 dem
197 477 326 540 consule
343 472 587 556 haudquaquam
609 477 816 538 memorabile
840 473 989 537 adversus
1008 472 1109 553 reites-
1133 498 1136 505 ·

88 562 208 650 dautes
236 563 399 646 Aequos„
420 570 505 623 oum.
518 580 645 645 praeter
665 564 790 623 animos
819 559 940 622 feroces
964 561 1048 633 nihil
1070 580 1110 620 ex

104 652 235 734 antiqua
249 648 557 724 fortunahaberent,
574 649 693 734 gestum
711 649 761 711 est.
785 646 1110 737 AsteroonsusAppu·

103 737 184 821 lejus
200 740 238 799 in
256 738 392 799 Umbria
411 736 595 819 Nequinum
616 735 774 820 oppidum
789 732 1000 797 circumsedit.
1023 736 1111 794 locus

105 841 174 886 erat
195 823 331 901 arduus,
359 839 453 904 atque
474 825 508 884 in
533 839 624 907 parte
646 845 712 884 una
735 843 907 906 praeceps,
931 824 997 881 ubi
1019 840 1111 879 nuno

72 936 76 961 ι
104 912 231 985 Narnia
250 910 304 973 lita
327 909 380 971 est.
409 931 472 973 neo
495 912 555 986 vi,
578 920 642 991 'neo
661 911 867 971 munimento
891 912 960 993 capi
977 923 1110 990 poterat.

106 996 245 1079 sitaque
263 994 502 1075 caminiectatn
514 1011 585 1056 rem
602 999 645 1060 Μ.
654 998 781 1060 Fulvius
789 998 947 1072 Paesinus,
970 997 1007 1057 T.
1018 997 1109 1055 Man·

103 1084 165 1152 sius
180 1087 377 1167 Torquatus,
400 1085 477 1145 nori
494 1083 658 1160 consulet,
674 1099 876 1167 acceperunt.
908 1082 949 1143 In
963 1103 1037 1171 eum
1052 1102 1109 1143 an·

54 1234 58 1245 ,
85 1212 87 1217 -
105 1193 188 1233 num
200 1192 274 1230 cum
283 1174 321 1247 Q.
332 1171 464 1231 Fabium
479 1168 641 1231 consulem
649 1191 721 1231 non
729 1187 1016 1253 petentetnomnes
1027 1169 1126 1233 dice.

104 1274 181 1318 rent
194 1258 378 1332 centuriae,
399 1255 680 1339 ipsum-auctorem
695 1255 788 1317 fuisse
798 1257 1056 1346 sisaeerLioitqius
1072 1256 1111 1317 a‘o

105 1346 235 1405 Tubero
253 1341 386 1419 tradunt
399 1342 586 1405 disserendi·
600 1342 658 1405 stbi
679 1342 860 1417 consulatus
885 1343 921 1405 in
941 1340 1111 1419 bellicosio-

104 1451 176 1491 rem
197 1450 340 1490 aunum:
366 1449 403 1489 eo
425 1452 514 1492 anno
530 1431 644 1513 majori
664 1432 703 1494 in
721 1429 788 1491 usui
809 1431 1006 1515 reipubsictte
1027 1427 1109 1504 sore,

105 1519 231 1577 urbano
250 1515 334 1598 gesto
354 1517 546 1598 magistratu.
580 1519 624 1578 ito
645 1517 1002 1592 neo-dissimulantem,
1033 1515 1111 1600 quid

104 1605 230 1677 mallet,
251 1624 324 1675 -neo
340 1618 503 1684 petentem
516 1620 644 1681 tumen„
675 1603 815 1679 aedilem
827 1607 969 1682 curulem
985 1606 1059 1665 oum
1075 1604 1109 1665 1..

105 1691 230 1769 Papirio
246 1689 379 1750 Cursore
394 1687 531 1764 facturn,
569 1689 608 1750 Id
620 1712 665 1751 ne
679 1712 739 1773 pro
754 1709 841 1753 certo
857 1714 1034 1774 ponerem,
1059 1711 1111 1761 va·

104 1775 213 1836 tustior
229 1776 395 1836 annalium
410 1793 519 1837 auctor
536 1775 602 1837 Piso
614 1775 742 1855 affectu
764 1780 819 1859 qui
833 1799 872 1840 eo
884 1800 974 1841 anno
990 1778 1110 1865 aediles

70 1872 73 1876 '
105 1864 229 1924 curules
245 1860 337 1923 fuisse
352 1860 451 1923 traiiit
462 1865 497 1923 C.
511 1862 694 1924 Domitium
709 1865 768 1923 Cn.
787 1865 819 1925 F.
829 1865 1000 1937 Calvinum
1016 1863 1109 1946 etSp.

60 1946 63 1952 ’
106 1951 278 2010 Carvilium
292 1952 332 2027 Q.
349 1951 381 2012 F.
397 1951 584 2011 Maximum.
637 1948 676 2009 td
697 1947 795 2009 credo
817 1970 1001 2031 oognomen
1025 1971 1111 2011 erro·

105 2057 174 2097 rem
196 2037 237 2101 in
258 2022 413 2097 aedilibus
432 2034 558 2098 secisse:
589 2033 789 2118 secutamque
811 2033 952 2097 fabulam
977 2037 1111 2098 mixtam

105 2143 147 2184 ex
159 2120 310 2187 aediliciis
327 2138 359 2187 at
373 2121 592 2193 consularibus
604 2122 758 2199 comitiis,
790 2124 1042 2197 convenientem
1062 2144 1111 2205 er·

102 2210 179 2270 rori.
220 2209 266 2268 Et
280 2207 411 2269 lustrum
428 2208 465 2270 eo
481 2231 571 2270 auno
587 2202 754 2269 conditum
769 2228 788 2268 a
803 2211 834 2270 P.
852 2210 1045 2292 Sempronio
1059 2208 1111 2271 So·

103 2296 170 2379 pho
188 2311 218 2356 et
235 2297 266 2355 P.
282 2295 422 2377 Sulpicio
436 2297 629 2361 Saverrione
642 2293 841 2357 consoribus:
876 2297 1040 2377 tribusque
1057 2292 1111 2356 ad·

55 2406 61 2415 ·
105 2379 189 2447 ditae
206 2381 304 2460 duae,
324 2382 476 2445 Aniensis
495 2404 533 2446 ao
548 2383 738 2462 Terentina.
753 2382 983 2444 'Haeoliomae
997 2382 1091 2467 gesta.
1142 2402 1148 2435 -·

210 2553 248 2613 Χ.
263 2578 281 2607 ι·
294 2555 443 2615 Ceterum
468 2552 510 2614 ad
530 2547 895 2639 Nequinum'oppidum
925 2580 999 2619 oum
1020 2557 1112 2643 segni

105 2637 271 2701 obsidione
285 2656 408 2724 tempus
423 2658 596 2725 tereretur,
620 2640 684 2703 duo
700 2663 741 2703 ex
760 2639 950 2725 oppidanis,
974 2640 1112 2729 quarunt

53 2732 60 2803 ᾗ
105 2743 199 2789 erant
215 2725 358 2790 aedificia
371 2730 480 2813 juncta
496 2752 605 2806 muro,
624 2728 718 2812 speon
731 2726 815 2789 sacto
830 2729 870 2789 ad
886 2729 1037 2794 stationes
1047 2736 1112 2795 Ro·

66 2816 69 2821 '
104 2833 217 2875 manas
229 2814 347 2875 itinere
363 2817 486 2876 occulto
494 2818 708 2899 perveniunt:
727 2813 807 2877 inde
822 2815 864 2877 ad
878 2810 1112 2881 consulem'de·

105 2897 204 2975 ducti,
222 2898 411 2981 praesidium
425 2920 580 2968 armatum
596 2901 627 2963 se
643 2904 730 2963 intra
744 2905 877 2966 moenia
890 2922 921 2968 et
937 2928 1046 2981 muros
1060 2927 1112 2967 ao·

104 3002 253 3069 capturos
269 2986 485 3049 confirmant·
505 2988 589 3051 'Neo
604 2987 808 3072 aspernanda
827 3011 878 3052 res
897 2992 979 3070 visa,
1002 3013 1112 3074 nequo

105 3073 233 3135 inoaute'
248 3070 421 3134 credenda.
466 3096 539 3134 oum
557 3077 657 3136 altero
672 3095 783 3138 eorum
802 3076 903 3152 (uam
925 3083 1005 3142 aster
1020 3078 1111 3142 obses

105 3157 273 3236 retentus)
298 3157 362 3220 duo
386 3159 601 3241 exploratores
622 3182 683 3245 per
704 3163 889 3233 cuniculum
915 3166 1013 3229 missa:
1051 3186 1111 3250 per

105 3266 183 3330 quos
203 3244 274 3311 satis
287 3264 450 3329 comperta
467 3269 521 3324 re,
544 3250 682 3309 trecenti
697 3250 828 3335 armati,
851 3252 1015 3337 transfuga
1030 3251 1111 3321 duee

83 3370 86 3381 =
106 3332 144 3394 in
160 3332 271 3390 urbem
286 3331 436 3414 ingressi,
471 3330 568 3397 nocte
584 3351 727 3418 portam,
761 3356 841 3418 quae
863 3341 1012 3421 proxima
1031 3356 1112 3418 erat,

105 3437 229 3499 cepere.
253 3417 484 3498 quaresraotar,
502 3419 613 3482 consul
627 3425 846 3507 exercitusque
861 3417 1029 3490 Romanus
1043 3427 1113 3489 stne

106 3504 283 3565 certamine
298 3509 411 3566 urbem
435 3507 590 3571 invasere.
637 3510 684 3569 lta
701 3510 889 3592 Nequinum
902 3517 940 3597 in
954 3512 1112 3576 ditionem
1150 3566 1159 3579 .

104 3590 214 3674 populi
226 3591 366 3653 Romani
381 3595 480 3654 venit.
505 3595 638 3668 Colonia
650 3616 687 3657 eo
701 3596 850 3663 adversus
860 3603 1000 3671 Umbros
1007 3599 1112 3678 'missa,

105 3676 267 3740 aflumiue
275 3678 403 3742 Narnia
416 3684 573 3766 appeliant
585 3702 594 3759 t
610 3684 855 3783 exercitusbcur‘n
867 3674 984 3776 magna
993 3686 1113 3775 praedo
1126 3685 1130 3711 ²

507 3802 510 3812 =
579 3768 688 3849 Kks
725 3772 732 3782 ”
935 3796 938 3800 ·
974 3768 1120 3841 Ruinam
