2362 4148
97 192 100 197 Α
178 127 335 194 trata
364 126 403 193 x.
456 129 544 191 ct».
577 124 655 190 xtt.
682 119 778 184 xttt
805 112 1083 217 '‘ml-...lta-

47 219 97 245 ““
251 214 465 315 UTcT‘ssfff
514 298 517 303 ,

59 320 256 345 ....---
1080 324 1083 335 ,

59 360 202 444 Scipioni
217 358 339 435 majore
358 350 507 417 resistitur
524 355 574 426 νίς
598 374 671 415 non
686 356 761 436 quia
773 353 843 435 plus
857 346 961 410 animi
976 346 1067 441 victis

58 448 120 523 est,
149 444 203 505 sed
226 443 340 505 melius
362 440 463 516 muri,
494 461 590 522 quam
616 442 754 515 vallum,
780 446 919 499 armatos
941 449 1072 511 arcent,

57 532 138 597 inde
153 530 311 616 lapidibus
325 525 513 610 propulsant
528 526 657 587 hostem.
686 525 808 610 Scipio,
829 520 890 585 nili
904 522 941 583 in
956 521 1065 603 primo
1140 576 1145 591 ,

58 639 193 705 pavore,
223 618 405 700 priusquam
427 614 655 696 colligerentur
679 614 798 688 animi,
823 624 983 673 transacta
1010 626 1066 669 rea

58 704 154 784 essct,
178 704 350 764 lentiorem
366 699 437 761 sore
455 701 597 769 munitae
618 702 705 763 urbis
720 698 994 783 oppugnationem
1014 715 1066 779 ra·

57 809 118 868 tus,
143 793 319 873 interrogat
334 787 465 863 milites,
480 784 691 869 *Saric’aequo
707 790 800 848 animo
816 801 1008 864 paterentur,
1029 778 1065 841 ab

58 878 153 942 astera
168 896 262 938 corna
277 871 369 953 castra
381 892 470 955 capta
485 866 557 955 esse:
575 873 609 957 se
626 878 754 936 victores
772 872 843 954 pessi
859 893 875 931 a
893 873 994 952 porris
1011 887 1066 929 ur·

59 966 131 1029 bis?
173 962 432 1027 Reclamantibus
453 960 625 1036 universis,
653 961 776 1043 primus
797 958 880 1043 ipse,
909 955 993 1016 scuto
1015 953 1064 1015 su·

60 1074 120 1138 per
134 1042 228 1134 caput
243 1050 340 1124 elato,
359 1046 462 1131 pergit
476 1045 518 1107 ad
531 1064 672 1130 portam:
695 1043 790 1107 secuti
807 1047 878 1121 alii,
901 1040 1063 1105 testudine

59 1137 161 1213 sacta,
193 1139 233 1197 in
254 1138 366 1197 urbem
391 1151 623 1216 perrumpuntt
652 1133 888 1215 deturbatisque
913 1129 1064 1213 Samniti·

59 1225 136 1300 bus,
157 1225 209 1306 qui
223 1224 308 1283 circa
323 1239 447 1305 portam
469 1238 580 1296 erant,
596 1242 716 1295 ,muros
737 1240 941 1303 occupavere.
961 1236 1063 1300 pena-

58 1325 145 1372 trare
169 1310 207 1389 in
229 1310 383 1371 interiora
405 1309 510 1384 urbis,
537 1309 609 1390 quia
631 1309 725 1391 pauci
751 1303 926 1368 admodum
954 1319 1061 1382 crant,

61 1414 136 1459 non
154 1395 283 1461 audent.
774 1392 778 1401 '
806 1398 810 1409 “

162 1484 256 1545 XLll.
304 1484 391 1547 Haec
411 1480 516 1568 primo
535 1483 686 1569 ignorare
707 1478 834 1561 consul,
857 1497 889 1543 et
914 1478 1062 1557 intentu·

57 1570 247 1652 recipiendo
268 1573 421 1632 exercitui
442 1568 522 1632 esse:
548 1576 611 1654 jam
636 1573 725 1635 enim
746 1589 899 1655 praeceps
915 1569 952 1629 in
973 1586 1061 1627 occa·

57 1656 126 1719 sum
150 1656 196 1716 sol
221 1672 304 1731 erat,
334 1670 366 1714 ct
390 1672 544 1735 appetens
564 1680 633 1718 nox
656 1656 831 1740 periculosa
860 1672 892 1718 et
919 1650 1061 1738 suspecta

57 1742 169 1807 omnia
183 1743 278 1800 etiam
299 1740 470 1799 victoribus
491 1738 634 1803 saciabat.
677 1742 855 1823 Progressus
874 1742 999 1823 longius
1019 1741 1061 1801 ab

56 1826 189 1901 dextra,
210 1825 310 1885 castra
325 1841 416 1905 capta
432 1824 536 1887 videt:
564 1832 604 1887 ab
620 1829 710 1889 laeva
724 1830 898 1889 clamorem
918 1830 956 1890 in
979 1829 1061 1888 urba

57 1914 194 1973 mixtum
209 1912 420 1995 pugnantium
436 1933 481 1994 ac·
492 1916 679 1997 pauentium
696 1913 826 1975 fremitu
842 1910 914 1975 osse.
941 1930 973 1972 et
989 1929 1061 1973 tum

56 1996 141 2060 sorte
156 2016 321 2059 certamen
336 1996 377 2059 ad
391 2016 517 2083 portam
532 2019 609 2062 erat.
651 1999 811 2071 Adrastus
832 1997 952 2060 deiude
976 1996 1067 2079 equo*

55 2086 206 2170 propius,
229 2101 264 2147 ut
278 2084 347 2147 suos
368 2086 405 2147 in
422 2088 520 2148 muris
536 2088 640 2164 videt,
663 2108 727 2149 nec
748 2088 811 2170 jam
827 2085 951 2169 integri
967 2080 1060 2168 quid·

57 2188 153 2254 quam
176 2171 256 2249 esse,
286 2176 439 2256 quoniam
456 2178 632 2237 temeritate
657 2194 830 2258 paucorum
852 2192 988 2255 magnae
1009 2168 1060 2232 rei

45 2259 281 2341 'parta‘occasto
297 2257 382 2336 esset,
408 2261 513 2336 acciri,
533 2284 609 2355 quas
623 2278 799 2343 receperat,
822 2260 939 2343 copias,
957 2257 1058 2341 signa·
1159 2288 1166 2309 ·

58 2366 121 2427 que
137 2345 177 2406 in>
189 2350 300 2407 urbem
319 2345 434 2408 inferri
448 2347 540 2430 justit.
585 2347 721 2431 ingressi
734 2349 881 2432 proxima
899 2368 944 2415 ex,
955 2361 1058 2429 parte,
1070 2362 1073 2367 ·

57 2432 132 2513 quia
147 2453 221 2493 nox·
229 2434 522 2517 appropinquabat,
544 2438 702 2516 quievere.
728 2452 823 2495 nocte
842 2430 996 2517 oppidum
1017 2433 1066 2514 ab·

55 2516 198 2594 hostibus
215 2518 372 2581 desertum
388 2520 442 2582 est.
487 2521 583 2583 Caesa
596 2524 652 2584 illo
665 2521 719 2593 die
733 2518 775 2581 ad
784 2519 992 2604 Aquiloniam
1006 2518 1059 2580 Sa·

56 2606 208 2667 mnitium
224 2608 326 2669 millia
337 2609 469 2691 triginta
484 2611 621 2671 trecenti
638 2608 866 2692 quadraginta:
888 2623 981 2689 capta
992 2605 1058 2665 tria

57 2690 161 2749 millia
173 2694 351 2777 octingenti
363 2712 394 2756 et
405 2694 618 2780 septuaginta:
636 2696 723 2779 sigua
732 2695 882 2756 militaria
895 2692 1056 2774 nonagin-

57 2770 236 2863 ta‘septem.
277 2782 428 2841 Ceterum
442 2782 523 2843 illud
536 2786 710 2846 memoriae
726 2781 877 2858 traditur,
906 2798 978 2841 nou
992 2776 1057 2853 ser·

57 2878 113 2951 aue
126 2860 224 2920 alium
237 2858 349 2923 ducem
363 2866 528 2931 laetiorem
542 2872 580 2931 iu
592 2872 660 2932 acie
674 2868 791 2945 risum,
812 2865 866 2930 seu
882 2866 991 2948 suopte
1004 2860 1057 2926 in·

57 2945 165 3031 genio,
187 2943 238 3006 seu
254 2944 367 3009 fiducia
382 2952 465 3011 bane
477 2955 638 3035 gerendae
653 2956 712 3019 rei.
741 2955 792 3015 Ab
808 2952 923 3014 eodem
938 2954 1063 3012 robore·

56 3032 162 3093 enimi
174 3052 280 3117 neque
296 3036 498 3097 controverso
513 3040 649 3124 auspicio
665 3040 809 3103 revocari
825 3060 844 3099 a
859 3039 983 3121 proelio
998 3057 1056 3121 po·
1087 3032 1097 3107 'j

56 3117 135 3195 tuit;
159 3135 191 3181 et
205 3118 324 3203 inipso
343 3118 545 3201 discrimine,
571 3148 633 3210 quo
649 3127 769 3210 templa
779 3124 853 3187 Diis
867 3124 1054 3185 immortali-

56 3204 116 3293 bus
139 3206 248 3269 voveri
267 3227 338 3268 mos
357 3223 441 3285 erat,
473 3229 600 3274 voverat
614 3213 685 3275 Jovi
701 3212 838 3287 Victori,
866 3208 890 3271 si
911 3212 1055 3295 legiones

55 3287 192 3359 hostium
206 3288 349 3369 fudisset,
371 3296 524 3377 pocillum
545 3299 636 3359 mulli
655 3300 761 3382 prius,
784 3318 879 3381 quam
899 3298 1061 3359 temetudt'
1091 3298 1094 3303 ’

51 3374 197 3456 biberet,
217 3378 282 3441 sese
295 3378 465 3444 facturum.
493 3385 529 3447 id
546 3401 654 3449 votum
667 3386 737 3449 Diis
751 3384 842 3445 cordi
853 3382 931 3445 suit:
953 3400 985 3445 et
999 3403 1054 3447 aa·

21 3544 25 3557 ,
53 3460 152 3549 tpicia
171 3466 210 3527 iu
230 3468 354 3529 bonum
375 3488 552 3535 verterunt.
710 3480 715 3490 “
1058 3464 1065 3477 ’

50 3586 53 3591 ·
68 3604 74 3611 .
100 3598 105 3603 .
144 3544 271 3616 xtttt.
294 3552 420 3619 Eadem
432 3552 565 3623 fortuna
578 3560 735 3639 abaltero
751 3556 880 3621 conside
893 3556 936 3621 ad
949 3556 1053 3623 Comi·

12 3674 15 3697 ι
52 3636 319 3725 niumgesutas.
364 3644 469 3709 Prima
483 3648 570 3729 luce,
591 3646 633 3713 ad
647 3632 1057 3795 ωὸιξιὶιοωιὶὶὴύαὶορίἕ
1113 3680 1116 3685 ·

501 3762 507 3781 1
997 3754 1017 3797 a
