2362 4148
10 33 517 57 -—--r—-·--··-··

143 149 305 265 arran
332 178 372 244 n
417 170 641 243 cnsxxxr.
664 176 795 240 xxxn.
818 177 1070 285 HQ

12 262 361 359 ·,””“’“ῐυ.0.
378 288 467 362 458·
598 303 626 345 ⁸·
642 286 676 345 C·
695 283 736 346 N·
753 306 773 346 2

56 428 131 471 non
154 409 369 475 abstinebant.
399 402 481 465 adeo
503 422 550 485 ne
570 402 745 489 infeliciter
768 403 898 488 quidem
916 394 1066 473 defensae¹

57 494 217 557 libertatis
242 491 403 555 taedebat:
435 508 467 552 et
490 491 593 567 rinei,
622 511 717 573 quam
736 510 808 555 non
828 508 954 567 tentare
970 492 1065 558 victo·

12 614 19 621 ·
52 580 155 657 riam,
177 584 351 655 malebant.
384 579 525 657 Quinam
541 575 577 639 lit
591 577 774 663 ille,3quem
791 598 862 640 non
877 580 982 664 pigeat
995 583 1066 645 lon·

58 669 243 753 ginquitatis
259 668 418 731 bellorum
427 662 603 727 scribendo
614 664 834 750 legendoque,
855 687 936 752 quae
950 684 1065 752 garen-

19 768 22 773 '
50 770 106 819 m
127 752 200 816 non
224 752 459 838 fatigaverant?
749 764 759 781 ³
843 794 849 801 -
1016 828 1019 835 Ι

38 840 43 851 “
142 842 266 903 xxxtt.
291 844 333 919 Q:
347 839 490 915 Fabium,
513 842 546 903 P.
559 839 712 918 Dasium,
731 836 791 904 *L.
807 841 980 905 Postumius
995 834 1064 924 Mos

55 926 157 1013 gellus
164 942 196 989 et
204 930 249 990 Μ.
258 925 372 989 Atilius
382 926 521 1008 Regulus
531 928 676 991 eonsules
688 928 786 990 secuti
799 929 880 990 sunt.
894 924 1063 997 Samnium

10 1024 13 1033 '
56 1016 212 1079 ambobus
222 1014 350 1085 decreta
363 1014 531 1097 provincia
545 1014 607 1095 elt3
619 1014 910 1099 quiatresscriptos
924 1016 1063 1097 hostiurn¹

57 1098 226 1180 amitus,
243 1123 310 1162 uno
323 1101 495 1178 Etruriam,
512 1102 612 1163 altero
627 1104 849 1186 populationes
866 1105 1062 1189 Campaniae

56 1186 179 1273 repeti,
199 1186 470 1250 tertium-tuendis
483 1190 590 1271 parari
603 1189 735 1266 linibus,
753 1187 839 1251 fama
853 1205 933 1267 erat,
959 1180 1063 1251 Pustu·¹

33 1290 39 1303 '
57 1276 159 1337 mium
174 1273 320 1337 valetudo
336 1270 466 1338 adversa
481 1276 603 1337 Romae
618 1277 738 1337 tenuit:
766 1271 882 1337 Atilius
898 1279 1062 1360 extemplo

57 1358 235 1449 prostatus,
258 1378 292 1422 ut
313 1362 350 1423 in
363 1360 494 1423 Samnio
510 1361 614 1424 hostes
634 1363 700 1440 (ita
722 1364 812 1425 enim
829 1363 990 1446 placuerat
1006 1354 1062 1426 Pa·¹

10 1448 13 1459 “
57 1448 181 1525 tribus)
201 1446 352 1509 nondum
367 1447 501 1531 egressos
518 1450 724 1533 opprimeret.
769 1451 865 1513 Velut
877 1471 919 1514 ex
930 1472 1060 1534 compo·
1116 1442 1121 1447 ¹

55 1532 114 1599 stto
127 1534 316 1599 ihiobviutn
335 1535 476 1597 habuere
492 1535 632 1612 hostem;
654 1537 708 1597 ubi
726 1552 757 1597 at
771 1537 912 1613 intrare,
934 1534 1060 1599 nedum'

17 1620 187 1709 Jrastare,
208 1621 265 1706 ipsi
281 1623 468 1685 Samnitium
486 1643 596 1704 mum
613 1623 882 1705 prohiberentur:
905 1639 936 1684 et
950 1621 1061 1707 egredi
1095 1627 1100 1633 ’

55 1706 137 1779 inde
150 1710 189 1771 in
203 1727 313 1791 pacata
327 1703 545 1790 seniorumque
559 1710 670 1791 populi
684 1710 827 1771 Romani
840 1709 920 1771 linos
935 1710 1061 1773 Samni·

31 1852 37 1862 ,
57 1810 124 1863 tem
139 1796 358 1879 prohiberent.
382 1796 463 1856 Cam
477 1793 576 1859 castra
589 1792 697 1855 eastris
712 1797 826 1856 collata
841 1795 954 1871 essent,
972 1793 1062 1885 quod

18 1932 21 1937 .
56 1883 114 1945 vix
129 1884 296 1943 Romanus
318 1883 409 1944 toties
430 1874 531 1953 vietor
550 1879 697 1958 auderet,
724 1880 788 1943 anfi
804 1884 962 1945 Samnites
984 1882 1065 1947 sunt'
1174 1894 1177 1901 '

56 1966 203 2047 (tantum
221 1968 397 2052 desperatio
416 1969 528 2029 ultima
550 1968 735 2030 temeritatis
756 1965 853 2044 facit)
875 1968 975 2032 castra
989 1972 1061 2033 ‘Ro-

56 2048 155 2117 mana
168 2068 362 2140 oppugnare.
386 2072 419 2117 at
433 2076 616 2139 quanquam
628 2074 699 2133 non
713 2057 804 2117 venit
817 2052 973 2119 adfinem
990 2062 1064 2141 ta'm¹

58 2142 162 2226 audax
176 2144 358 2223 inceptum,
378 2159 488 2203 tamen
501 2139 589 2203 h'aud
601 2142 740 2205 omniuo
756 2163 875 2205 vanum
891 2140 968 2203 suit.'
992 2143 1060 2207 Ne·

57 2230 133 2291 hula
145 2246 215 2291 erat
228 2229 270 2290 ad
284 2231 418 2291 multum
433 2228 498 2291 diei
512 2227 612 2290 densa
627 2226 723 2304 adeo,
745 2244 781 2289 ut
795 2230 879 2301 lusis¹
891 2227 981 2289 usum
996 2229 1058 2291 erit

17 2348 22 2357 ·
57 2332 166 2401 peret,
191 2337 264 2378 non
282 2315 448 2400 prospectu
469 2314 564 2378 modo
586 2331 677 2376 extra
695 2316 813 2377 vallum
829 2314 974 2392 ademto,
1000 2310 1085 2377 sed‘·

57 2387 240 2488 prdpinquo
254 2404 348 2464 etiam
357 2400 636 2487 congredientium
650 2392 737 2463 inter
750 2401 782 2465 se
790 2398 970 2486 conspectu.
988 2404 1059 2469 Hae

57 2491 145 2553 velut
156 2491 276 2553 latebra
288 2488 475 2553 infidiarum
489 2487 564 2550 freti
580 2488 747 2563 Samnites,
758 2488 891 2553 vixdum
905 2488 977 2550 satit
989 2507 1059 2549 cer·

56 2591 89 2637 ta
102 2579 190 2655 luce,
213 2593 245 2639 et
258 2598 328 2639 eam
347 2575 446 2662 ipsam
462 2590 632 2660 premente
648 2573 801 2658 caligine,
824 2573 866 2639 ad
886 2574 1059 2644 stationem

56 2664 240 2727 Romanam
254 2666 293 2726 in
304 2680 395 2748 porta
406 2663 547 2747 segniter
560 2676 707 2744 agentem
715 2663 835 2746 vigilias
848 2663 1057 2745 perveniunt,

57 2750 233 2832 improvise
249 2749 403 2833 oppressit
417 2772 481 2812 nec
495 2749 597 2811 animi
611 2744 683 2811 satis
698 2749 740 2810 ad
755 2744 978 2826 resistendum,
993 2766 1059 2810 nee

36 2892 39 2897 ,
57 2836 176 2898 virium
189 2833 263 2896 suit.¹
276 2834 331 2897 Ab
344 2853 431 2921 tergo
439 2834 613 2898 castrorum
622 2832 800 2897 decumana
815 2852 904 2919 porta
918 2836 1058 2918 impetus

57 2919 168 2989 fastus.
194 2920 299 3002 itaque
321 2939 447 3007 captum
466 2922 695 3007 quaestorium:
721 2921 930 3005 quaestorque
950 2922 997 2982 ibi
1018 2922 1077 2987 1ss
1095 2952 1098 2957 ·

31 3014 46 3068 .'
59 3008 203 3093 Opimius
218 3006 316 3069 Pansa
331 3008 459 3072 occisus.
481 3011 715 3071 conclamatum
730 3007 809 3069 inde
825 3006 866 3067 ad
880 3027 978 3067 artua.
1058 3068 1061 3072 ,

161 3096 302 3157 xxxtu.
341 3094 474 3173 Consul,
496 3096 634 3157 tumultu
650 3093 785 3171 excitus,
811 3094 958 3155 cohortes
974 3089 1055 3154 duat

56 3180 231 3259 sudorum,
251 3183 412 3243 Lucanam
427 3180 689 3264 Suessanamque,
713 3201 794 3263 quae
808 3176 1076 3263 proximaeforq.
1130 3182 1132 3187 '

56 3284 89 3332 ta
104 3284 215 3344 erant,
246 3270 328 3330 tueri
344 3270 537 3352 praetorium
558 3268 661 3352 jubet:
688 3269 871 3351 manipulus
892 3267 1059 3349 legionum

56 3355 230 3440 principali
249 3355 300 3418 vit
313 3354 451 3418 ¹inducit,
494 3354 637 3421 Vixdum
655 3344 727 3416 satis
742 3355 857 3438 apsatis
879 3354 993 3429 armis,
1017 3352 1057 3413 in
1137 3414 1144 3429 ,

57 3440 190 3527 ordines
211 3458 307 3505 eunt:
332 3459 364 3504 et
379 3443 520 3505 clamore
535 3441 653 3525 magis,
680 3461 776 3523 quam
793 3441 909 3516 oculis,
931 3438 1056 3501 hostem

58 3526 212 3593 noscunt:
244 3548 325 3607 nec,
345 3547 481 3613 quantus
502 3546 657 3591 numerus
683 3526 737 3605 lit,
763 3527 922 3590 aestimari
942 3524 1060 3610 potest.
1176 3530 1179 3535 ’

58 3612 187 3677 Cadunt
198 3615 304 3698 primo
317 3617 434 3679 incerti
444 3615 593 3679 fortuma
608 3612 690 3690 luae,
705 3629 738 3696 et
749 3613 872 3677 hostem
881 3610 1058 3695 introrsum
1165 3670 1168 3675 .

57 3698 216 3789 iat'media
230 3700 330 3767 sesua
342 3705 515 3790 ascipiunt.
539 3700 620 3856 iffa
639 3719 715 3765 cam
734 3700 847 3769 oculu
865 3696 1058 3766 resilere-ra·

25 3820 28 3825 '
595 3800 631 3851 m
646 3804 674 3853 fl
760 3846 765 3855 .
933 3806 938 3813 “
997 3806 1075 3860 ”Rq
1145 3808 1161 3843 ‘N

876 366 1065 385 m
