2362 4148
211 138 431 211 tunna
475 149 529 210 tx.
573 88 777 213 'eia-xm
808 149 905 209 XLI-1.
1008 151 1074 227 505

482 331 1074 351 *nn—-

71 375 222 443 tubarum
244 393 281 432 ae
303 390 459 432 cornuum
481 373 573 432 eursu
594 373 693 434 effuso
714 377 751 435 in
774 374 893 434 hostem
911 372 1070 432 seruntur.

54 458 152 521 =Non
167 474 321 581 tanquam
335 459 373 518 in
389 457 473 519 viros
488 476 541 518 aut
554 477 691 521 armatos
711 462 901 521 incurrunt:
924 458 1073 534 (mirabi·
1107 458 1117 509 .’

72 545 119 607 lia
133 543 260 620 dictu.)
286 542 372 626 signa
394 546 499 626 primo
516 547 596 628 eripi
619 563 731 629 coepta
750 546 924 629 figniseris;
947 542 1073 606 deinde

74 630 136 715 ipsi
156 618 298 715 signiferi
320 626 404 691 trahi
425 626 466 690 e't'i
482 631 663 709 consulem,
691 634 868 713 armatique
893 635 1008 693 milites
1028 652 1074 691 ,ex

75 717 145 801 acje
159 718 199 781 in
210 718 314 779 'taciem
330 716 508 779 transferri
534 735 580 794 et,
600 718 698 781 sicubi
714 718 757 779 est
772 738 952 791 certamen,
980 706 1073 778 scutis

75 806 193 889 magis,
213 826 306 887 quam
323 802 451 886 gladiis,
477 805 597 887 geritur
611 826 672 867 res.
720 808 923 869 Umbonibus
939 802 1088 865 incussa-¹

73 914 139 977 que
151 893 200 951 ele
215 890 404 952 sternuntur
418 889 529 953 hostes.
551 893 622 975 plus
637 895 761 974 eapitur
775 894 953 967 hominum,
976 912 1073 972 quam

74 977 234 1041 caeditur:
255 993 349 1059 atque
363 998 429 1037 uua
444 1000 509 1039 vox-
518 999 642 1060 ponere
657 1000 743 1039 arma
760 981 939 1061 jubentium
954 998 1012 1061 per
1028 993 1072 1036 tu·

73 1081 141 1128 tem
156 1063 258 1125 fertur
271 1066 382 1124 aciem.
407 1067 516 1145 ltaque
529 1066 618 1127 iuter
631 1066 733 1149 ipsum
746 1084 909 1154 certamen
923 1064 1005 1124 secta
1020 1061 1083 1122 de·'

72 1150 154 1237 ditio
168 1151 213 1213 est
226 1173 244 1211 e
256 1151 368 1237 primis
385 1153 562 1212 auctoribus
580 1153 663 1215 belli.
681 1153 804 1237 postero
820 1151 1074 1235 insequentibus·

71 1258 137 1323 ¹que
153 1239 264 1300 diebus
279 1255 310 1297 et
325 1238 423 1298 ceteri
441 1240 636 1299 Umbrorum
649 1241 758 1324 populi
774 1240 948 1303 deduntur.
979 1236 1073 1297 'Ocri-

75 1326 185 1388 culani
200 1324 217 1384 s
235 1323 371 1385 onstone
384 1325 420 1387 in
436 1326 609 1386 amicitiem
624 1328 754 1410 accepti·
824 1362 827 1367 ·
963 1340 967 1346 '

149 1348 254 1475 .st1.
299 1412 429 1487 Fabius,
450 1412 575 1473 alienae
590 1412 680 1475 sortis
701 1415 803 1476 victur
816 1413 911 1489 belli4
932 1410 1073 1473 insuam

97 1498 277 1561 tevinciam
292 1499 466 1559 exercitum
479 1497 615 1560 reduxit.
636 1501 742 1583 itaque
758 1503 804 1574 ei,
823 1503 869 1560 'ob
882 1520 933 1560 res
948 1515 1012 1558 tam
1027 1496 1072 1558 se-

59 1522 178 1647 ‚scitor
193 1583 307 1668 gestat,
335 1584 411 1645 ficut
430 1586 540 1667 priore
561 1608 651 1648 anno
673 1589 807 1670 populus
828 1587 1073 1647 continuaverat

72 1668 287 1746 consulatum,
312 1673 354 1731 itu
374 1671 499 1732 senatus
521 1674 558 1732 in
575 1673 798 1754 insequentem
817 1695 959 1749 annum,
983 1669 1072 1753 *quo

73 1756 135 1843 Ap.
149 1756 312 1833 claudius,
340 1760 375 1820 L.
391 1758 581 1818 Volumnius
595 1759 738 1821 consules
754 1758 903 1836 suerunt,
925 1779 1074 1843 proroga·

71 1846 128 1923 vit,
147 1847 285 1906 maxime
300 1840 405 1927 Appio
419 1841 617 1919 adversante,
635 1846 816 1927 imperium.
839 1845 985 1927 A‘ppium
999 1850 1074 1906 cet't-

72 1930 177 1995 sotem
197 1930 308 2014 petisse
329 1927 542 2006 consulatum,
565 1934 754 2012 comitiaque
774 1932 838 2010 ejus
863 1935 905 1990 ab
924 1935 957 1991 L.
978 1933 1091 1991 Furio·

73 2020 207 2081 tribuno
220 2019 322 2101 plebis
335 2017 554 2100 interpellata,
588 2016 692 2079 donec
705 2016 740 2076 se
754 2016 888 2077 censure
903 2017 1072 2092 abdicavit,

71 2105 111 2167 in
123 2104 312 2189 quibusdam
329 2106 498 2165 annalibus
513 2106 658 2165 invenio.
702 2107 830 2165 Creatus
849 2102 975 2180 consul,
999 2122 1073 2162 cum

69 2193 211 2275 collegae
226 2210 346 2252 novum
361 2193 492 2266 belluun
506 2192 675 2253 Sallentini
689 2190 791 2251 hostes
806 2189 1071 2263 decernerentur,

43 2346 50 2361 Ι,
70 2278 196 2341 Romae
210 2276 335 2352 mansit,
357 2295 391 2336 ut
407 2279 538 2338 urbanis
552 2280 672 2338 artibus
686 2298 762 2360 opes
779 2294 916 2360 augeret,
939 2273 1071 2361 quande

72 2365 149 2426 belli
164 2362 259 2425 decus
268 2382 369 2445 penes
378 2364 453 2423 alios
467 2362 552 2424 esset.
569 2365 779 2427 Volumnium
789 2358 1078 2447 prouinciaehaud'

70 2450 239 2535 poenituit.
261 2448 360 2509 multa
373 2448 512 2509 secunda
527 2451 650 2532 proelia
663 2449 753 2510 feeit:
775 2452 893 2531 aliquot
907 2448 1071 2530 urbes-ho-

37 2576 40 2581 ·
71 2536 165 2598 stium
181 2538 213 2597 ui
228 2536 320 2617 cepit.
336 2534 470 2618 praelae
485 2552 553 2596 eret
567 2537 708 2619 largitor,
723 2552 754 2597 et
770 2538 998 2620 benignitatem
1014 2546 1078 2618 per·

71 2622 105 2683 sc
120 2638 245 2705 gratam
257 2623 404 2683 comitate
420 2621 600 2705 adjuvabat}
623 2624 819 2706 militemque
837 2625 874 2685 its
891 2626 1009 2685 artibus
1026 2620 1041 2682 s
1060 2658 1072 2673 ·

71 2725 159 2771 cerat
174 2726 206 2768 et
221 2709 355 2791 periculi
369 2726 400 2769 et
414 2710 531 2770 laboris
549 2708 687 2771 avidum.
707 2714 761 2790 ²Q.-
774 2712 886 2773 Fabius
900 2707 1072 2795 proconsul

72 2794 115 2854 ud
130 2798 242 2854 urbem
255 2792 369 2855 Allifas
387 2818 458 2855 cum
473 2797 663 2859 Samnitium
679 2799 820 2858 exercitu
841 2798 935 2881 signis
949 2792 1072 2858 cellatis

70 2880 220 2963 confligit.
240 2881 374 2941 minime
388 2880 534 2964 ambigue
548 2903 598 2943 res
612 2882 681 2942 suit.
711 2884 780 2944 Feli
796 2884 1019 2966 hostes,'etque
1033 2883 1077 2942 in'

71 2964 171 3028 castra
185 2964 346 3049 compulsi.
371 2988 435 3028 nec
456 2968 555 3028 eastre
575 2967 685 3028 forent
701 2987 843 3046 retenta,
867 2974 904 3032 ni
922 2972 1071 3051 exiguum

71 3053 270 3138 superfuisset
295 3051 377 3113 dici:
403 3069 479 3115 ante
498 3071 627 3115 noctem
644 3072 754 3116 tamen
769 3057 842 3117 sunt
861 3053 1069 3130 circumsessa,

25 3154 28 3163 '
70 3140 104 3202 e't
119 3158 213 3201 nocte
227 3137 387 3214 custodita,
410 3141 535 3223 nequis
550 3142 633 3203 elabi
647 3142 757 3224 posset.
783 3140 906 3204 Postero
922 3142 985 3218 die,
1003 3142 1072 3203 titt·¹

71 3226 149 3289 dum
165 3229 234 3286 luce
249 3222 480 3301 certa-deditio
494 3229 564 3288 sieri
575 3246 707 3312 coepta:
728 3246 759 3290 et
772 3231 864 3313 pacti
880 3232 933 3310 qui
948 3227 1074 3291 Samni-¹

70 3314 151 3373 tium
171 3310 294 3387 forent,
317 3307 353 3372 ut
376 3313 597 3397 eumstngulis
621 3315 816 3379 vestimentis
836 3319 1071 3377 emitterentur.

72 3398 116 3459 Hi
129 3417 243 3458 omnes
255 3396 311 3458 su'b
323 3399 430 3481 jugum
439 3400 529 3477 missi.
542 3400 630 3461 sociis
640 3403 831 3467 Samnitium
842 3402 1070 3465 nihilcautumi

71 3482 113 3544 ed
127 3482 246 3565 septem
264 3486 365 3545 millia
379 3485 435 3546 sub
449 3508 570 3549 cotona
585 3490 728 3563 venietet
749 3492 803 3572 qui
821 3490 852 3553 se
869 3491 974 3551 civem·
992 3491 1072 3549 Her·
1085 3482 1100 3535 ss
1123 3515 1126 3531 ¹

37 3644 43 3649 ,
69 3571 182 3631 ninum
198 3568 331 3645 dixerat,
350 3571 489 3634 seorsum
503 3576 541 3635 in
557 3574 695 3637 custodia
711 3576 845 3637 habitus.
876 3577 939 3638 Eos
956 3586 1071 3638 omnes

70 3654 184 3725 Fabius
205 3660 344 3721 Rumam
364 3657 407 3722 ed
429 3658 574 3725 leuatum
599 3661 697 3727 milit:
727 3680 775 3743 en
802 3685 876 3726 oum
889 3663 1072 3812 quaeliqut

125 3757 127 3761 ’
380 3754 383 3759 “
564 3748 603 3811 li
623 3754 644 3824 5
834 3767 860 3775 ’·
935 3770 955 3781 ··
974 3767 1002 3811 ·e
1030 3757 1072 3827 eg*
