2362 4148
34 398 39 409 “
91 379 331 467 ingrediuntur.
384 376 593 461 adquorum
616 378 890 461 praetereuntium
911 382 1030 461 raptim
1052 394 1100 438 tu·

92 466 229 530 multum
258 488 330 525 curn
354 466 525 525 exterritae
548 468 639 525 urbes
668 460 710 523 ad
739 459 829 523 artua
852 476 1100 541 concurrerent,

91 554 229 638 fugaque
245 550 413 637 agrestium
430 550 538 626 lieret,
564 543 699 611 {tomam
714 542 829 634 seire,
843 567 969 635 'magno
983 556 1100 614 clamo·

90 664 128 703 re
143 638 380 725 significabaut3
408 658 596 723 quacunque
615 629 727 723 iliaris,
746 640 834 721 equis
847 640 987 722 virisque
1001 642 1100 725 longe

90 748 129 789 oc
150 728 214 787 late
236 724 306 787 suso
327 728 455 809 agmine
480 722 674 785 immensum
700 723 884 787 obtinentes
907 729 980 792 toci.
1023 728 1098 805 Sed,

90 812 306 875 antecedente
322 812 407 875 sema
423 810 609 893 nuntiisque
619 810 831 889 Clusinorum,
846 811 1001 897 deinceps
1017 816 1099 879 inde

89 903 226 963 oliorum
245 902 456 984 popul-urum,
479 900 655 980 plurimum
681 902 811 961 terroris
827 901 964 961 Romam
987 905 1099 967 celeri·

88 1004 135 1049 tas
157 987 294 1048 hostium
322 988 418 1046 tulit:
460 987 580 1069 quippe
609 988 739 1067 quf'uus,
755 1046 759 1054 ,
777 989 862 1049 velut
892 991 1098 1053 tumultuario

89 1076 234 1137 exercitu
253 1074 375 1155 raptim
398 1072 511 1147 ducto,
543 1093 636 1155 aegre
659 1072 700 1133 ad
722 1072 932 1136 undecimum
954 1078 1098 1160 lapidem

88 1161 252 1224 occursum
276 1160 338 1236 est,
363 1180 425 1241 qua
439 1158 562 1221 flumen
576 1160 678 1236 Allia,
704 1159 915 1225 Crustuminis
931 1167 1096 1227 montibus

86 1251 229 1334 praealto
248 1246 393 1307 defluens
410 1248 517 1322 alveo,
538 1246 623 1307 haud
640 1249 776 1309 multum¹
797 1246 886 1311 insra
902 1253 985 1313 riam
1000 1254 1097 1315 Tibe·

48 1376 51 1388 ·
86 1339 163 1398 rino
186 1334 276 1395 amni
304 1332 461 1393 miscetur.
513 1334 584 1395 Jam
608 1335 720 1395 omnia
738 1352 851 1399 contra
874 1340 1022 1421 circaque
1040 1340 1096 1402 ho·

87 1422 180 1486 stium
194 1422 296 1506 plena
315 1422 419 1494 erant,
439 1436 470 1480 et
483 1437 560 1480 nata
579 1421 615 1481 in
631 1443 731 1489 varios
747 1426 899 1487 tumultus¹
915 1446 1010 1509 gens,
1032 1442 1096 1488 tru-

85 1512 116 1572 ci
137 1504 244 1569 cantu
259 1508 515 1591 clamoribusque
538 1509 650 1587 variis,
686 1499 855 1572 horrendo
871 1528 990 1573 cuncta
1011 1534 1096 1575 com·

85 1600 256 1683 plererant
277 1591 368 1656 sono.
945 1630 948 1635 -

131 1845 134 1851 ¹
172 1766 347 1831 xxxvtn.
391 1770 443 1831 tu
465 1769 588 1830 nitunt
605 1752 768 1848 numm,
798 1789 869 1852 nm
894 1772 964 1832 1000
985 1772 1104 1850 aalma

84 1874 162 1921 ante
180 1874 289 1943 capto,
315 1877 387 1916 non
405 1858 612 1940 praemunito
634 1858 735 1933 vallo,
762 1878 825 1941 quo
841 1877 987 1942 receptus
1005 1858 1107 1961 esset,x

83 1952 155 2009 non
173 1944 316 2005 Deorum
341 1942 470 2021 saltem,
494 1944 517 2004 li
531 1946 602 2005 n'on
617 1946 809 2022 hominum,
832 1964 1011 2025 memores,
1032 1956 1097 2009 nec'

83 2033 260 2115 auspicato,
283 2052 348 2090 nec
362 2033 469 2105 litato,
491 2028 657 2093 instruunt
671 2033 773 2092 aciem
789 2029 958 2093 deductam
973 2035 1011 2095 in
1026 2055 1093 2096 cor·

81 2128 166 2196 nua',
177 2132 233 2178 ne
250 2118 481 2190 circumveniri
498 2117 706 2180 multitudine
719 2116 858 2199 hostium
871 2114 1007 2204 pdssent.
1030 2140 1094 2183 neu

81 2217 191 2270 tamen
215 2206 346 2286 aequari
370 2203 496 2269 frontes
508 2218 679 2290 poterant,
710 2228 783 2275 cum
814 2206 1023 2269 extenuando
1045 2208 1095 2270 in·

79 2296 207 2357 sirmam
232 2309 263 2352 et
286 2294 339 2354 vix
366 2294 595 2354 cohaerentem
625 2290 766 2357 medient
791 2294 895 2355 aciem
922 2294 1092 2356 haberent.

80 2380 211 2460 Paralum
226 2397 295 2439 erat
311 2384 352 2448 ab
371 2380 504 2462 dextera
520 2378 597 2441 editi
614 2380 695 2454 loci,
719 2400 815 2463 qttem
830 2378 1022 2462 substdiariis
1042 2400 1094 2438 re·

78 2466 163 2552 pleri
171 2461 310 2547 placuitt
333 2486 434 2549 eaque
448 2486 511 2544 res,
524 2466 714 2529 utinitium
731 2466 910 2549 pavoris'ac
924 2462 1028 2547 fugae,
1051 2463 1096 2525 fic

77 2573 146 2614 una
160 2551 241 2614 salus
257 2551 455 2639 fugientibus
470 2552 541 2617 suit.
586 2552 671 2613 Nam
687 2552 851 2625 Brennus,
874 2554 1001 2637 regulus
1018 2552 1093 2615 Gn·

76 2641 203 2716 lorum,
222 2640 260 2703 in
275 2643 434 2727 paucitate
449 2637 590 2704 hostium
604 2654 706 2700 artem
723 2633 868 2703 maxime¹
880 2637 1018 2716 timens,
1043 2661 1092 2701 ra·

76 2742 128 2789 tus
141 2724 183 2787 ed
198 2724 233 2799 id
247 2728 384 2813 captum,
391 2726 590 2811 superiorem
607 2727 734 2803 locum,
759 2738 810 2801 ut,
844 2726 866 2785 u
889 2725 1000 2805 ''Galli
1016 2748 1092 2789 cum

77 2814 147 2878 ocio
172 2814 338 2897 legiomm
363 2818 452 2876 r'ecta
472 2812 582 2877 fronte
604 2729 1025 2961 concurrisset-'tnssbfidia
1054 2815 1092 2875 in

76 2899 203 2964 aversos
218 2898 479 2985 transversosque
500 2902 657 2986 impetum
673 2897 809 2977 darent,
835 2896 878 2959 ad
907 2900 1091 2978 ubfidiarios

75 2988 167 3072 signe
179 2984 359 3051 convertit-2
391 2985 483 3055 sicus
499 2984 766 3072 loco'depulisset,
790 2982 1022 3065 heud'dubius,
1046 2984 1092 3045 fe·

75 3078 174 3141 uilem
196 3076 235 3138 in
258 3088 360 3161 ecquo
378 3068 485 3159 campi
499 3088 624 3139 tentum
648 3071 814 3157 superanti
830 3072 1030 3137 multitudini
1046 3073 1092 3134 vi

75 3164 211 3225 ctoriem
227 3160 308 3226 fore.
355 3160 438 3224 adeo
452 3173 524 3226 non
539 3150 670 3223 fortuna
687 3158 794 3235 modo,
814 3156 878 3243 sed,
886 3164 968 3224 ratio
983 3162 1091 3239 etiam,

74 3248 314 3327 cumbarbaris
332 3246 443 3311 stabat.
493 3250 536 3311 In
551 3240 653 3321 ultera
670 3247 739 3309 acie
757 3246 842 3309 nihil
856 3246 957 3311 simile
973 3251 1093 3311 Roma·

73 3338 148 3411 nis,
181 3357 250 3405 non
266 3333 354 3421 apud
368 3333 483 3413 duces,
512 3349 586 3399 non
599 3332 685 3427 upud
699 3335 835 3413 milites,
868 3348 946 3398 erat.
975 3338 1093 3419 'pavor

73 3420 215 3507 fugaque
230 3438 441 3507 occupaverat
456 3424 602 3500 animos,
618 3438 651 3482 et
665 3430 756 3483 tanta
769 3420 944 3508 hominurn
959 3423 1092 3499 oblivio,

72 3524 114 3570 ut
143 3511 245 3573 multo
274 3510 378 3593 major
405 3530 479 3595 part
497 3499 604 3594 Vejos'
618 3508 657 3571 in
681 3504 822 3573 hostium
843 3514 981 3589 urbem,
1016 3531 1104 3604 cum¹

74 3596 207 3659 ‘liberis
227 3612 362 3675 arceret,
381 3590 582 3683 quommodo
597 3594 716 3680 itinere
728 3596 867 3671 Romam
882 3597 925 3667 ad
934 3599 1092 3682 'conjuges

76 3704 115 3749 oc
131 3684 258 3750 liberos
277 3682 450 3771 sugerent-²
472 3672 658 3775 sttruptpor
682 3673 1021 3835 subsidiarios'iutiulu
1034 3680 1096 3745 'est'

23 3789 27 3795 .
515 3787 520 3796 .
569 3781 576 3791 .
1003 3794 1090 3845 om
