2362 4148
88 196 94 208 ,
137 116 452 225 Mutua
480 119 537 180 tx.
600 122 687 181 en.
712 118 815 185 xvn.
839 119 958 182 xvm.

314 226 442 284 U.(.‘
489 269 499 285 .
667 227 894 301 a.QN.'lt7.

127 306 382 327 fi———n—no

134 348 304 423 seniorque
319 344 355 406 in
372 347 494 408 ltaliam
508 343 685 427 trajecisset.
725 348 848 407 Horum
863 346 900 405 in
912 345 1053 425 quolibet
1067 342 1138 409 tum'

134 432 261 499 indoles
276 430 404 508 eadem,
428 432 558 513 quaein
570 430 760 493 Alexandro
776 448 861 507 erat,
879 432 982 495 animi
995 432 1136 517 ingenii

134 532 217 605 que3
243 535 310 579 tum
325 516 495 603 disciplina
507 518 670 595 militaris,
695 520 759 604 jam
773 516 854 581 inde
868 520 908 579 ab
922 518 1025 595 initiis
1044 519 1136 589 urbia

131 602 252 669 'tradita
268 626 327 688 per
340 595 472 685 uianus,
492 608 529 667 in
546 607 622 666 artis
637 607 800 692 perpetuis
814 607 991 691 praeceptis
1004 603 1135 667 ordina·
1158 624 1164 639 ’

134 709 187 767 tae
198 689 329 753 modum
345 709 489 755 venerat.
507 694 554 754 lta
567 713 656 777 reges
669 692 829 777 gesserant
843 692 944 768 bella;
958 693 1002 753 ita
1011 688 1137 773 deinde

134 796 297 845 exactores
318 800 426 863 regum
453 780 541 843 lunii
561 782 764 863 Valeriique,
791 781 836 843 ita
858 777 1013 867 deinceps
1034 778 1135 859 Fabii,

136 867 296 949 Quinctii,
325 867 488 943 Cornelii,
507 869 550 931 ita
565 868 676 930 Furius
692 867 861 944 Camillus,
884 888 980 949 quem
1001 865 1135 947 juvenes¹
1175 917 1177 922 .

134 954 176 1029 ii,
196 955 310 1035 quibus
323 975 396 1013 com
412 951 602 1017 Alexandro
616 953 838 1021 dimicandum
855 970 940 1027 erat,
960 950 1073 1019 senem
1090 950 1136 1015 vi·.

134 1040 263 1105 derant.
304 1040 454 1103 Militaria
473 1062 571 1124 opera
594 1040 771 1125 pugnando
793 1040 926 1101 obeunti
941 1037 1151 1101 Alexandro.

133 1128 227 1203 (nam
243 1146 280 1187 ea
296 1149 420 1209 quoque
436 1126 523 1189 haud
535 1124 643 1193 minus
658 1131 778 1189 clarum
793 1149 868 1191 eum
883 1125 1020 1203 faciunt)
1035 1122 1136 1189 cessis-

133 1214 177 1277 set
196 1213 341 1275 videlicet
360 1215 397 1274 in
413 1215 481 1277 acie
494 1216 616 1277 oblatos
630 1238 690 1300 par
706 1216 1056 1294 tlltnliusTorqoatut,
1075 1224 1136 1285 ¹aut

134 1282 282 1367 V'alerius
307 1302 443 1379 sortus,
471 1288 613 1383 insignes
635 1318 711 1364 ante
733 1303 868 1378 milites,
895 1321 990 1383 quam
1012 1293 1135 1365 duceri

132 1386 293 1450 cessissent
307 1386 421 1463 Decii,
444 1387 566 1461 deyotis
582 1392 768 1472 corporibus
783 1389 821 1449 in
836 1384 961 1450 hostem
981 1384 1134 1447 ruentes?

133 1473 267 1537 cessisset
284 1475 422 1555 Papirius
440 1472 572 1551 Cu'rsor,
596 1476 651 1535 illo
668 1476 809 1558 corporis
826 1476 960 1552 robore,
983 1473 1041 1535 illo
1063 1470 1134 1543 anie

132 1563 200 1623 mi?
223 1562 322 1620 victus
342 1558 419 1620 esset
433 1559 572 1625 consiliis
587 1561 712 1641 juvenis
729 1562 841 1638 unius,
862 1582 907 1621 ne
923 1559 1061 1643 singulos
1075 1578 1134 1643 no·

132 1647 268 1721 minem,
286 1644 411 1707 senatus
426 1649 490 1725 ille,
508 1668 603 1733 quem
617 1650 671 1732 qui
684 1672 725 1711 ex
740 1650 866 1731 regibus
881 1645 1026 1713 constare
1037 1643 1132 1721 dixit,

131 1753 216 1795 unus
239 1753 346 1795 veram
369 1731 506 1821 speciem
527 1736 668 1799 Romani
691 1735 816 1798 senatus
845 1734 951 1816 cepit?
994 1728 1032 1799 ld
1051 1749 1133 1817 sero

132 1835 201 1885 eret
216 1820 408 1903 periculum,
430 1843 473 1882 ne
489 1821 648 1901 solertius,
670 1845 763 1905 quam
781 1822 915 1904 quilibet
931 1841 1014 1883 unos
1027 1838 1071 1883 ex
1081 1818 1133 1897 iit,

131 1927 211 1991 quos
225 1905 406 1981 nominavi,
427 1907 535 1976 castris
550 1909 654 1971 locum
670 1926 808 1991 caperet,
830 1923 1026 1969 commeatio
1039 1924 1133 1995 expo·

131 1994 233 2068 diret,
257 1995 298 2052 ab
311 1993 434 2059 insidiis
446 2014 661 2079 praecaveret,
682 2013 808 2078 tempus
824 2015 949 2079 pugnae
966 1991 1132 2143 deligeret.

132 2082 233 2144 aciem
257 2078 446 2156 instrueret,
472 2080 615 2147 subsidiis
637 2083 788 2151 firmaret.
833 2080 908 2141 Non
933 2102 1005 2145 ctam
1063 2074 1132 2145 aria

130 2191 201 2233 rem
218 2165 281 2227 esse
296 2165 440 2235 dixissett
461 2189 569 2251 quem,
586 2172 755 2231 mulierum
772 2188 809 2228 ac
822 2166 1000 2251 spadonum
1014 2180 1132 2249 agmen

130 2257 324 2331 trahentem,
350 2254 436 2314 inter
450 2276 623 2339 purpuram
637 2273 733 2339 atque
743 2277 868 2331 aurum,
884 2270 1054 2315 oneratum
1071 2250 1132 2313 sor'·

130 2359 230 2405 tunae
245 2341 447 2422 apparatibus
461 2338 551 2419 suae,
573 2343 728 2427 praedam
745 2343 868 2417 verius,
888 2362 984 2424 quam
999 2338 1130 2425 hostem,

130 2429 215 2493 nihil
231 2426 318 2486 aliud
332 2448 427 2508 quam
444 2430 632 2493 heneaulus
647 2453 729 2495 uana
743 2445 966 2504 contemnere,
978 2427 1131 2499 incrueue

131 2532 182 2577 tus
197 2513 322 2577 devicit.
352 2516 461 2595 Longe
475 2515 554 2576 alius
567 2518 687 2592 Italiae,
709 2538 802 2601 quam
818 2513 942 2590 Indiae,
959 2534 1019 2596 per
1033 2532 1132 2597 quat!

130 2601 311 2663 temulento
323 2598 451 2681 agmine
468 2602 726 2667 comissabundus
746 2599 888 2677 incessit,
916 2598 999 2671 visus
1014 2600 1065 2661 illi
1076 2598 1131 2661 bo·

130 2689 214 2749 bitus
231 2684 324 2761 esset,
352 2685 449 2747 saltus
467 2686 601 2771 Apuliae
622 2710 659 2748 ac
676 2704 803 2750 montes
817 2690 961 2748 Lucanos
978 2684 1132 2767 cernenti
1163 2714 1166 2723 ·

81 2826 86 2831 ,
131 2791 163 2837 et
179 2770 306 2854 vestigia
319 2775 462 2837 recentia
477 2773 665 2841 domesticae
679 2773 789 2852 cladis,
803 2775 857 2834 ubi
872 2775 1050 2837 avunculus
1063 2773 1131 2859 eje!

129 2880 240 2945 nuper
251 2859 343 2945 Epiri
356 2881 416 2923 rex
430 2858 619 2925 Alexander
633 2861 792 2932 absumtos
807 2875 885 2923 erat.

215 3033 336 3101 XVlll.
371 3030 414 3091 Et
427 3032 589 3113 loquimur
601 3033 643 3096 de
658 3032 851 3104 Alexandro
860 3032 1012 3096 nondum
1024 3030 1130 3105 merso

131 3119 277 3189 secundis
295 3121 405 3196 rebus,
418 3139 561 3201 *quarum
582 3142 682 3187 nemo
699 3121 928 3185 intolerantior
949 3120 1018 3183 fuit.
1060 3122 1130 3207 qui,

128 3212 151 3277 st
167 3233 209 3274 ex
222 3205 332 3270 babitu
347 3224 453 3265 novae
465 3203 614 3271 fortunae
628 3211 782 3290 novique,
797 3225 832 3268 ut
845 3210 888 3275 ita
903 3208 1020 3284 dicam,
1040 3208 1147 3293 inge-‚-¹

128 3300 195 3398 nii,
211 3290 302 3397 'quod
324 3289 380 3351 libi
400 3293 500 3436 vilctor
517 3293 685 3398 induerat,
708 3294 890 3396 spectetur,⁸
906 3295 1011 3367 Dario
1029 3295 1132 3379 magia

56 3455 59 3459 -

130 3560 232 3621 [arum
253 3572 360 3617 mores
382 3550 572 3621 adduxisset.
620 3556 756 3625 Referre
777 3556 815 3616 in
834 3570 925 3616 tanto
945 3577 1020 3639 rege
1042 3557 1133 3639 piget

116 3645 298 3731 ⁰1uperbam
310 3639 524 3709 mundonem
537 3643 648 3727 vestis,
668 3661 701 3719 et
714 3641 905 3711 desideret&
915 3642 1012 3709 lumi
1021 3645 1133 3743 31,φῦ-

1047 3744 1130 3791 illm
