2362 4148
13 21 161 45 -u
179 23 193 36 a·
203 23 369 40 wrm—ww·-
376 24 673 52 -u'mmmwsffiw,
688 35 693 44 ι
706 26 1135 64 ““,.·;’1.“·ι”ῐψᾞιπ,ςὺᾞ“

68 200 409 307 „Arnen-
430 204 474 264 v.·
516 206 603 265 em.
624 206 766 269 xxx1v.
785 204 910 269 xxxv.
1013 204 1080 284 295

401 314 406 328 '
477 310 508 367 f.
594 331 623 369 a.
640 312 674 371 C.
693 312 733 371 N.
748 317 824 389 488.

478 392 671 405 ια*-
685 396 778 405 ---.
788 388 1077 405 .-..-ῌ

70 432 107 493 i'n
132 449 208 513 quas
221 428 280 491 Dii
293 426 454 489 dedissent
471 428 607 511 auguriis
626 427 733 505 sedes,
763 428 911 491 ostendit.
965 422 1079 509 Quen·¹

71 532 140 577 turn
154 514 212 599 ipsi
230 516 350 576 vellent
367 536 539 577 numerum
555 514 745 591 hominum,
767 519 931 594 excirent,
951 541 996 581 ne
1010 534 1075 599 que

93 624 152 665 ens
168 623 273 665 arcere
287 600 501 665 advenientes
514 600 627 685 posset.
671 606 759 663 Tum
773 604 918 687 Sigovcso
937 603 1074 667 sortibus

71 624 141 751 ilasi
158 690 305 771 Hercynii
325 688 436 751 saltus:
467 688 630 752 Belloveso
644 688 731 751 haud
746 692 840 773 paulo
853 690 1019 756 laetiorem
1032 692 1073 753 iu

76 779 193 839 ltaliam
208 780 292 839 viam
301 777 361 838 Dii
371 775 502 839 dabant.
536 778 578 854 Is,
592 776 678 861 quod
693 777 759 861 ejus
774 797 872 860 expo
897 777 956 841 ulis
969 783 1072 842 abun·

73 862 181 942 dabat,
208 864 385 948 Bituriges,
407 862 593 941 Arvernos,
622 866 785 940 Senones,
815 800 964 943 Aeduos,
992 864 1083 936 Arn-¹

71 953 188 1030 barrus,
208 954 378 1026 Carnutes,
401 948 567 1027 Aulercos,
590 952 715 1014 excivit.
762 927 932 1027 l'rusectus
956 952 1072 1034 ingen·

66 1039 148 1106 tibus
168 1038 315 1125 peditum
338 1037 541 1119 equitumque
565 1040 681 1123 copiis,
708 1040 747 1100 in
759 1036 956 1099 Tricastinos
973 1036 1071 1099 uenit.

63 1124 164 1217 Alpes
180 1124 260 1189 inde
278 1124 436 1211 oppositae
460 1141 574 1199 erant,
603 1147 679 1209 quas
701 1125 975 1207 inexsuperabiles
990 1120 1072 1185 visae

63 1212 149 1275 haud
166 1212 314 1297 equidem
331 1212 448 1286 miror,
472 1213 562 1272 nrdla
577 1210 655 1275 dum
670 1213 720 1275 via
734 1214 837 1295 (quod
849 1210 980 1296 quidem
996 1230 1074 1271 con·

64 1302 174 1363 tinens
189 1300 346 1363 memoria
360 1296 414 1371 sn,
444 1296 561 1359 nilide
577 1302 715 1369 Hercule
738 1299 853 1361 sabulis
875 1298 1009 1361 credere
1034 1293 1074 1358 li·

63 1388 133 1461 bet)
154 1386 325 1473 super-arasa
372 1386 421 1445 lbi
440 1406 512 1445 cum
538 1387 626 1448 reluat
645 1386 748 1471 septos
762 1388 921 1451 montium
937 1380 1073 1449 altitudo

62 1490 190 1535 teneret
205 1475 334 1549 Gallos,
359 1472 742 1557 circumspectarentque,
766 1496 908 1558 quanam
929 1495 989 1558 per
1001 1471 1076 1557 jun·

62 1578 111 1622 cta
128 1563 217 1623 coelo
230 1564 301 1646 juga
314 1564 351 1623 in
370 1562 468 1622 aliurn
484 1563 596 1623 orbem
610 1576 770 1622 terrarum
785 1561 977 1639 transirent,
999 1560 1075 1622 reli·

59 1650 112 1731 gio
128 1648 222 1709 etiam
238 1649 360 1722 tenuit,
381 1646 466 1731 quod
484 1649 615 1709 allatum
630 1648 694 1726 est,
722 1646 863 1713 advenas
880 1664 1074 1733 quaerentes

60 1757 171 1817 agrum
194 1738 233 1793 ab
250 1737 298 1795 Sal
306 1756 379 1815 yum
401 1750 498 1816 gente
519 1736 709 1818 oppugnari.
754 1736 962 1800 Massilienses
977 1750 1072 1799 erent

58 1820 116 1893 hi,
139 1822 275 1880 navibus
290 1842 307 1878 a
321 1821 463 1907 ¹Phocaea
480 1822 628 1904 prosecti.
673 1820 712 1884 ld
730 1825 819 1893 Galli
833 1824 984 1887 fortunae
998 1822 1073 1885 suae

60 1906 237 1964 omcnrati
253 1905 423 1985 adjus-erm
441 1921 485 1981 ut,
501 1929 597 1990 quem
612 1909 754 1991 primum
769 1910 806 1970 in
823 1928 942 1975 terram
958 1910 1073 1997 egressi

64 2006 321 2070 occupaverant,
361 1990 467 2051 locum
498 1983 682 2075 patrensibus
709 1994 792 2062 fisvis
820 2001 1075 2063 communirent.

61 2072 120 2157 ipss
146 2096 207 2162 per
228 2077 388 2159 Taurinos
420 2074 578 2161 saltusqu'e'
597 2070 711 2141 'invios
736 2081 836 2166 Alpes
865 2084 1074 2147 transcenda-

60 2178 155 2224 runt:
188 2152 327 2250 fusisqde
344 2164 411 2222 acie
426 2164 535 2226 Tuscis
557 2163 645 2229 haud
663 2171 771 2251 procul
790 2173 909 2234 Ticino
924 2172 1072 2249 flumine,

59 2270 153 2325 carm,
182 2251 301 2335 inquo
319 2248 552 2329 consederant,
582 2274 694 2337 agrum
706 2251 891 2321 Insubrium
912 2260 1073 2345 appellari

60 2334 238 2414 audissent,
261 2331 457 2421 cognomine
481 2338 668 2404 Insubribus
689 2362 770 2429 pago
791 2342 991 2426 Aeduorum,
1011 2345 1071 2423 ibi,

59 2444 160 2484 omen
187 2421 356 2507 sequentes
376 2426 458 2505 loci,
481 2426 661 2495 condidere
678 2432 814 2498 urbem:
844 2433 1072 2498 Mediolanum

59 2512 276 2596 appellarunt.
396 2538 420 2570 ·ι.

144 2688 270 2753 XXXV.
315 2684 390 2770 Alia
407 2686 548 2773 subinde
562 2714 680 2757 manus
696 2696 979 2779 Cenomanorum,
1004 2694 1079 2771 Eli.

58 2776 143 2837 torio
158 2772 240 2835 dirce
255 2772 384 2863 vestigia
398 2778 547 2860 priorum
559 2780 676 2859 secura,
697 2782 812 2847 eodem
825 2786 916 2864 saltu,
936 2785 1071 2851 serente

58 2860 241 2937 Belloveso,
276 2882 350 2922 cum
377 2864 625 2931 transcendisset
646 2868 765 2956 Alpes,
798 2876 853 2935 ubi
882 2894 979 2937 ntrnc
999 2874 1081 2941 Bet..

58 2951 112 3010 xia
133 2970 170 3010 ac
188 2952 321 3011 Verona
342 2952 437 3013 urbes
457 2952 550 3030 sunt,
573 2952 674 3033 (locos
689 2974 824 3022 tenuere
841 2963 949 3040 Libui)
968 2958 1069 3025 conss·

57 3031 151 3097 dunt.
179 3033 250 3119 post
264 3034 325 3095 hos
342 3035 482 3115 Salluvii,
505 3050 607 3125 prope
620 3044 788 3127 'nentiquam
801 3068 932 3134 gentem
950 3050 1071 3113 meroe

57 3122 199 3205 Ligures,
221 3122 405 3184 incolentes
418 3126 505 3188 circa
514 3126 669 3191 Ticinum
687 3154 831 3198 amnem.
875 3138 1002 3201 Penino
1013 3135 1069 3199 de·

57 3205 138 3269 inde
159 3208 230 3293 Boji
246 3210 473 3295 Lingonesque
494 3215 693 3301 transgressi,
726 3244 799 3283 cum
819 3224 887 3308 jam
909 3224 998 3286 inter
1014 3225 1069 3285 Pa·

59 3288 137 3352 dum
160 3310 254 3384 atque
268 3292 369 3378 Alpes
391 3298 503 3384 omnia
522 3311 730 3387 tenerentur,
759 3308 843 3371 Pado
864 3314 985 3374 ratibm
1005 3326 1071 3374 m·

58 3380 152 3463 jecto,
167 3399 241 3480 pon
256 3381 404 3460 Etruscos
419 3382 528 3462 modo,
546 3386 712 3454 sedetiam
730 3398 890 3477 Umbros,
912 3401 989 3484 agro
1001 3398 1079 3485 pel··

58 3468 151 3540 lunt:
181 3483 269 3528 intra
284 3466 501 3552 Apenninum
519 3489 630 3539 tamen
649 3478 714 3541 sese
726 3500 872 3549 tenuere.
916 3486 1068 3552 Temse-

35 3570 187 3642 ,nones,
209 3555 418 3649 receptissimi
433 3557 652 3643 advenarum,
673 3570 713 3629 ab
728 3571 850 3636 Utente
871 3572 1069 3642 flumineus-

60 3659 125 3727 que
141 3637 183 3700 ad
197 3638 305 3703 Aesim
324 3644 405 3709 sines
421 3644 572 3721 habuere,
591 3651 686 3717 Hanc
699 3674 830 3738 gentem
838 3660 988 3742 Clusium,
1002 3664 1068 3740 Ro·

49 3723 215 3893 'quamque
228 3726 321 3811 inde,
342 3732 469 3801 venisse
484 3740 659 3906 sappino.
686 3740 722 3807 id
738 3757 855 3829 pmcn
871 3746 1091 3914 aasz&
