2362 4148
108 108 174 177 312
321 105 533 167 orente
561 111 598 168 v.
653 64 736 173 cu»
766 112 814 175 sn
836 112 902 173 ιιι.

109 186 464 207 m.-

322 214 358 269 U.
378 216 412 272 ί...
429 210 501 280 365.

113 348 213 393 uuecee
228 333 260 390 in
273 325 415 410 finitimos
429 333 529 410 urbes,
548 339 704 397 omonimus
724 334 759 394 ub
773 333 894 411 ltoslium
912 332 1009 396 oculis.
1042 333 1123 397 Deo·

35 426 42 442 '
115 436 184 481 rum
198 414 325 487 cultum,
347 416 454 502 deserti
476 419 510 481 ab
533 419 606 482 Diis
633 420 872 504 hominibusque,
896 441 1062 484 tamennon
1078 425 1125 483 in·

74 504 77 509 ’
115 498 299 575 turmifimus.
346 502 513 568 Reddidere
534 513 633 592 igitur
654 512 800 590 petriam,
836 528 865 569 et
886 512 1061 582 victoriane,
1094 528 1125 569 ee

116 593 267 670 uueiquum
278 587 345 649 beli
359 589 445 653 decus
461 593 607 674 amisum:
631 613 659 654 ct
672 599 704 654 in
719 590 829 670 bostis,
850 599 902 677 qui
926 598 999 656 caeci
1021 599 1125 656 ovori-

116 679 189 757 εἰη,
200 680 231 735 in
243 673 373 755 ponclere
387 684 459 740 ouri
470 679 578 760 fheelus
597 700 630 740 uc
640 676 728 761 ficiem
737 678 938 764 fifilleruue,
962 698 1125 743 uerterunt

118 776 270 824 terrorem
278 757 444 849 fugansque
457 786 486 827 et
501 764 623 828 cuculum.

203 934 270 998 Lll.
316 935 396 1001 Hoc
418 936 490 1001 culei
512 940 692 1026 neglectique
708 944 838 1005 numinis
858 960 939 1003 eunee
960 960 1128 1003 monumen-

118 1038 150 1083 u
170 1024 203 1082 e'n
222 1020 303 1084 rebus
331 1020 464 1087 lunonis
485 1048 652 1099 cernentes,
682 1028 787 1111 ecquid
802 1028 942 1111 sentitis,
972 1027 1123 1106 Quirites,

117 1124 260 1189 quartum
274 1109 425 1172 vixdume
443 1112 612 1199 naufragiis
629 1120 747 1198 prioris
758 1114 861 1199 culpae
870 1112 1017 1194 cluditque
1033 1136 1125 1175 enter·

118 1213 220 1279 gentes
236 1216 371 1277 peremtus
386 1199 496 1280 nesus?
526 1201 632 1264 Urbem
645 1202 791 1286 utespiceeo
808 1207 1046 1285 inauguratoque
1058 1221 1126 1261 con·

119 1278 208 1343 iicon
224 1278 373 1345 belenus.-
397 1284 496 1347 uullus
511 1282 590 1349 locut
609 1294 640 1349 in
654 1311 685 1350 eo
706 1310 762 1349 non
786 1287 960 1373 religionum
977 1284 1126 1347 Deorum·

119 1386 176 1451 que
199 1368 237 1443 esi
254 1366 376 1451 plenus:
403 1369 557 1454 sucrificiis
571 1373 747 1458 solemnibus
766 1395 822 1435 non
841 1374 901 1434 dies
929 1376 1018 1457 mugit
1038 1372 1124 1459 sloei,

119 1473 207 1538 quone
223 1453 381 1539 locassent,
403 1461 435 1518 in
450 1457 555 1539 quibus
573 1456 660 1540 fiune.
704 1459 766 1521 llos
786 1480 880 1521 omnes
904 1456 1002 1532 Deos,
1027 1459 1126 1539 qiubli·

120 1560 168 1600 cos
190 1548 399 1625 privatosque,
428 1542 587 1624 Quirites,
615 1544 866 1625 &serttsri'cslisi
886 1544 981 1625 Quum
1002 1567 1059 1627 quur.
1076 1567 1126 1605 oe·

114 1622 213 1704 strum
220 1627 336 1707 fluctum
351 1628 406 1707 est,
427 1631 509 1712 quod
524 1638 555 1694 in
571 1632 717 1707 obsidione
733 1650 831 1713 nuper
845 1633 876 1691 in
894 1635 1014 1716 egregio
1029 1630 1127 1691 oelole·

121 1709 214 1791 scente
241 1712 277 1778 C.
301 1714 409 1791 Fabio,
438 1734 496 1781 uon
517 1722 630 1781 minore
652 1716 775 1796 bostium
793 1716 1002 1793 admiratione,
1036 1728 1127 1798 quom

122 1796 233 1875 velino,
252 1801 432 1883 conspectum
445 1803 510 1885 ‘fil
525 1826 586 1869 cum
600 1812 681 1868 inter
706 1803 819 1866 Gallico
837 1802 893 1865 telo
919 1801 1064 1889 degressus
1083 1822 1122 1862 en

122 1905 190 1949 erce
197 1885 320 1968 solemne
336 1887 440 1951 Fobise
456 1898 552 1978 geneis
568 1897 600 1955 in
612 1892 683 1957 colle
695 1889 849 1973 Quirinali
871 1890 969 1953 obiit?
995 1896 1040 1949 elo
1056 1908 1126 1975 gete·

30 2046 44 2059 .
120 1971 219 2036 -eilicin
227 1972 314 2056 secra
330 1994 363 2036 ne
380 1982 411 2037 in
426 1978 498 2041 bollo
517 1978 633 2064 quidem
656 1982 816 2040 intermitti
823 2018 832 2047 .
862 1976 1072 2060 publicassem
1096 1993 1126 2037 ee

48 2118 52 2123 .
125 2058 270 2123 Romanos
290 2060 371 2125 Deos
389 2070 476 2127 uticem
488 2071 518 2128 in
534 2089 606 2151 poce
620 2062 715 2147 eleseii
727 2064 845 2147 placet?
864 2084 893 2124 ee
909 2058 1130 2145 pontificesfln‘

123 2155 271 2228 minusque
288 2149 518 2237 negligentiores
539 2153 723 2235 publicorum
746 2151 924 2237 religionum
945 2149 1014 2229 effe,
1043 2170 1128 2230 quant

127 2239 268 2321 priuatus
289 2239 321 2297 iu
335 2236 470 2319 sollemni
486 2245 586 2325 geneis
599 2238 731 2323 fuerin?
753 2233 888 2309 Forfieen
908 2234 1014 2317 eliquit
1035 2236 1128 2315 dicut,

126 2339 180 2383 ecus
199 2320 280 2413 Vesis
295 2342 327 2381 eu
343 2324 561 2403 nocfuceuros',
578 2344 632 2401 cut
646 2322 702 2385 leuc
721 2322 789 2384 inde
808 2318 942 2401 missuros
959 2318 1127 2401 ⁷scseercioees

127 2404 259 2479 nostros.
282 2412 335 2486 qui
342 2407 476 2489 fuciunt:
496 2430 626 2494 quorum
639 2427 777 2471 neutrum
787 2404 860 2485 fieri
875 2403 965 2487 solvis
991 2410 1125 2465 coerimo-

127 2494 183 2551 niis
199 2491 301 2571 potesl.
327 2514 356 2553 et
377 2516 412 2555 ne
438 2501 534 2567 omnio
553 2498 718 2578 generatim
734 2492 822 2573 sucre
844 2509 992 2569 omnesque
1005 2509 1128 2570 percen.

124 2573 197 2667 som
217 2574 317 2637 Deos:
341 2582 372 2637 iss
391 2576 476 2641 Iouis
493 2580 576 2658 epulo
598 2596 666 2640 nune
688 2576 779 2651 olibi,
797 2594 884 2657 quum
903 2580 934 2635 in
960 2574 1123 2659 Capitolio,

127 2658 270 2745 pulvinar
281 2659 396 2747 suscipi
416 2664 534 2744 potest?
568 2662 653 2745 Quid
676 2661 712 2724 cle
731 2665 860 2723 oeeerois
888 2659 985 2733 Veliae
1006 2660 1126 2748 ignibus

123 2744 285 2831 signoque,
309 2748 390 2830 quool
405 2754 526 2834 imperii
542 2756 651 2836 pignus
668 2744 793 2825 custodio
809 2748 867 2827 eius
882 2747 982 2827 templi
996 2768 1126 2826 testetur,

128 2832 258 2915 loquor?
284 2836 358 2916 quiol
380 2836 579 2899 biennalibus
600 2833 719 2914 ocultis,
746 2832 835 2895 Mors
866 2833 1012 2905 Gradiue.
1036 2855 1128 2915 euque

36 2950 39 2955 ·
129 2918 260 3004 Quirine
274 2924 386 3003 puter?
406 2921 473 2987 leuet
496 2928 589 2987 omniu
605 2927 637 2985 in
658 2919 789 3005 qorofcsno
812 2918 907 3006 deseri
923 2920 1018 3002 pluere
1030 2921 1127 3003 secra,

129 3004 256 3091 esquelio
271 3009 356 3088 urbi,
379 3010 518 3093 quueeiom
536 3008 693 3089 ueteqiioru
715 3011 832 3093 origiue
852 3006 961 3077 urbis?
986 3008 1026 3069 Ee
1048 3008 1130 3065 visle-

130 3113 176 3167 ee,
197 3095 272 3179 quisi
286 3102 365 3159 incer
379 3118 476 3161 nosue
487 3099 611 3183 majores
625 3091 752 3169 interfit.
774 3092 820 3155 illi
830 3093 1074 3177 socru-qceoeclom
1097 3098 1130 3153 in

129 3201 224 3247 moneo
246 3182 355 3245 Albaue
380 3182 557 3265 Lauinioque
580 3182 659 3247 nobis
675 3178 817 3264 flecieellu
834 3178 1037 3245 crediderunt.
1081 3180 1131 3239 An

131 3290 167 3331 eu
180 3266 305 3349 bellium
323 3264 585 3353 urbibutllomum
596 3268 635 3333 eei
649 3290 704 3333 nos
728 3286 810 3339 erens
810 3265 899 3348 ferri
903 3266 990 3351 fiere
1010 3266 1132 3352 religio·

130 3354 286 3435 succeseit:
307 3354 372 3421 ltine
390 3354 574 3439 bneqtieculo
590 3361 626 3419 ie·
640 3352 762 3431 lollium
777 3352 877 3417 urbem
895 3354 982 3439 Vejos
999 3352 1132 3435 coenose·

133 3444 253 3507 remus?
287 3444 508 3513 Recorolomini,
536 3441 704 3530 agitedum,
727 3442 851 3523 'quoties
863 3439 950 3527 socru
968 3440 1133 3520 instauren-

131 3546 201 3597 eur,
225 3535 296 3609 quio
308 3528 426 3620 aliquid
438 3552 475 3591 est
490 3533 594 3613 patrio
608 3534 673 3593 ritu
687 3528 866 3615 negligentia
880 3528 980 3611 casuue
995 3545 1134 3611 proeter-

99 3664 102 3669 -
129 3612 244 3701 missum
258 3614 307 3697 esi.
350 3614 445 3685 Molo
458 3628 533 3704 quiue
549 3636 617 3695 res,
637 3613 702 3703 posi
721 3612 903 3703 prodigium,
915 3612 1022 3681 Albeui
1040 3612 1136 3770 letcteq,i

148 3748 152 3753 .
613 3751 616 3757 .
697 3754 700 3761 ,
1079 3716 1111 3759 ne
