2362 4148
57 162 476 281 „AEQ
487 178 573 243 cn.
606 172 729 235 xxxv.
756 172 1073 280 xxxvi&

279 278 367 345 nc.
381 282 456 357 att.
479 257 881 346 ‘'sss-‘siti‘

67 402 344 467 bus..Etruscorum
360 402 465 475 caesis,
487 394 802 483 duodequadrsginta
818 366 1071 483 figniffflffi

68 493 129 553 bus
143 492 254 573 captis,
270 488 377 549 castris
392 488 488 546 etiam
502 485 637 546 hostium
652 509 725 547 cum
739 487 859 568 praeda
872 489 1001 571 ingenti
1014 511 1072 573 po-

42 576 46 583 “
69 578 172 649 titur„
187 576 286 671 'Tum
302 572 344 637 de
360 572 583 658 persequendo
598 572 688 637 hoste
704 575 816 658 agitari
833 592 992 657 coeptum.
1066 576 1081 657 J

129 728 138 767 ¹
157 748 298 813 xxxvl.
337 744 422 807 Sisva
434 762 502 807 erat
516 746 657 806 Ciminia
672 747 772 829 magis
786 763 853 807 tum
869 746 958 811 invia
975 726 1071 831 atque

67 834 243 911 horrenda,
264 855 360 917 quam
374 852 481 915 nuper
495 830 584 892 fuere
598 835 787 895 Germanici
801 833 904 911 saltus,
927 837 1010 894 nulli
1026 834 1071 909 ad
1092 846 1096 850 '

69 947 141 987 earn
150 923 236 984 diem
245 943 290 981 ne
298 935 509 979 mercatorum
518 918 646 1001 quidem
657 919 751 981 adita.
767 942 837 981 eam
849 922 973 981 intrare
982 920 1069 1001 haud

54 1010 138 1075 -sere
148 1011 322 1091 quisquam,
337 1023 465 1088 praeter
471 1004 585 1065 ducem
596 1004 710 1088 ipsum,
724 1007 869 1067 audebat.
884 1009 954 1069 asiis
964 1008 1069 1069 omni·

65 1099 126 1160 bus
139 1094 238 1159 cladis
252 1092 415 1155 Caudinae
430 1089 578 1151 nondum
593 1095 745 1155 memoria
761 1095 950 1155 aboleverat.
981 1096 1068 1175 Turn

66 1185 169 1257 exiis,
190 1179 402 1262 quiaderant,
429 1177 581 1253 (consulis
597 1177 726 1241 fratrem
736 1182 778 1241 ul.
786 1181 929 1256 Fabium,
956 1180 1066 1243 Caeso·

65 1270 231 1342 mitrasii,
256 1268 289 1329 C
305 1263 472 1327 Claudium
488 1265 617 1345 quidam
634 1283 736 1327 matre
753 1266 884 1345 eadem,
906 1289 968 1348 qua
988 1288 1066 1329 con·

62 1358 173 1431 sulem,
191 1356 333 1437 genitum
347 1348 495 1428 tradunt)
511 1350 705 1434 speculatum
712 1353 752 1413 se
764 1354 882 1414 iturum
894 1350 1068 1436 professus,¹

62 1446 215 1521 brevique
231 1440 342 1501 omnia'
357 1454 443 1499 certa
459 1439 638 1499 allaturum.
685 1441 784 1501 Caere
806 1438 957 1501 educatus
978 1439 1067 1524 apud

23 1592 26 1597 ,
61 1528 216 1611 hospites,
238 1524 375 1587 Etruscis
390 1523 468 1585 inde
484 1526 583 1609 literis
599 1524 741 1588 eruditus
757 1543 835 1602 erat,
856 1529 1066 1611 linguamquq

43 1652 47 1665 ‚
63 1614 227 1679 Etruscam
240 1616 340 1697 probe
354 1628 498 1672 noverat.
519 1613 630 1672 Habeo
644 1630 798 1688 auctores,
815 1615 908 1695 vulgo
922 1629 988 1673 tum
997 1616 1065 1674 tto·

62 1722 177 1765 manos
199 1719 332 1784 pueros,
356 1696 434 1757 sicut
455 1717 545 1756 nunc
565 1698 713 1773 Graecis,
738 1700 782 1759 ita
804 1699 1065 1763 Etruscis-literis

62 1778 185 1853 esudiri
197 1787 325 1854 solitos,
336 1781 396 1845 Sed
412 1783 542 1864 propius
555 1781 599 1842 est
613 1805 700 1859 vero,
720 1787 925 1866 praecipuum
941 1783 1065 1869 aliquid

61 1874 155 1939 fuisse
170 1877 209 1936 in
228 1894 281 1947 eo,
305 1870 358 1952 qui
373 1868 403 1930 se
419 1884 481 1929 tam
498 1867 609 1929 audaci
629 1869 827 1930 simulatione
847 1870 986 1933 hostibus
1003 1874 1064 1953 imi,

61 1960 230 2025 miscuerit.
240 1959 346 2019 servus
355 1958 384 2017 ei
393 1954 508 2016 dicitur
517 1976 625 2016 comes
634 1976 716 2025 unus
724 1953 825 2031 fuisse,
836 1948 1062 2035 nutritusuna',

63 2070 164 2131 eoque
177 2044 261 2106 haud
275 2046 404 2127 ignarus
413 2045 539 2124 linguae
548 2040 707 2125 ejusdem:
721 2041 965 2125 necquidquam
975 2042 1079 2127 aliud⁸
1100 2108 1103 2113 ,

62 2133 312 2227 pqoficiscentes‚
335 2150 429 2210 quam
442 2127 622 2188 summatim
638 2128 793 2210 regionis,
813 2150 893 2210 quae
906 2127 1063 2191 intrandt

61 2238 147 2295 erat,
170 2234 318 2279 naturam
334 2236 371 2273 ac
387 2216 523 2274 nomina
541 2216 725 2297 principum
739 2215 776 2275 in
791 2216 917 2296 populis
931 2234 1061 2297 accepe-

35 2320 39 2327 '
60 2330 116 2384 1²3
134 2327 178 2367 ne
192 2323 254 2385 qua
267 2303 355 2361 inter
362 2302 522 2381 colloquia
531 2300 650 2383 insigni
658 2318 734 2361 nota
746 2300 933 2361 haesitantes
946 2300 1060 2385 deprffi

59 2390 163 2457 hendi
177 2387 310 2473 possent.
340 2388 410 2446 lere
425 2385 572 2467 pastorali
586 2387 705 2462 habitu,
721 2385 890 2470 agrestibus
904 2389 984 2463 telis,
1001 2386 1059 2469 sah

60 2483 149 2547 cibus
161 2475 318 2561 gaesisque
328 2474 412 2534 binis
426 2473 549 2531 armati.
569 2472 631 2535 Sed
640 2495 745 2554 neque
754 2476 981 2535 commercium
995 2474 1059 2535 lin'·

59 2586 155 2652 θυαε,
177 2585 240 2625 nec
255 2560 347 2623 vestis
361 2559 702 2625 armorumrethabitus
717 2559 758 2620 sic
774 2580 827 2621 eos
842 2563 937 2641 texit,
960 2582 1058 2643 quam

46 2650 147 2735 ,quod
161 2652 352 2711 abhorrebat
366 2650 407 2707 ab
423 2645 493 2722 side,
516 2668 705 2728 quemquam
720 2663 887 2710 externum
902 2649 1059 2711 Ciminios

60 2739 154 2801 saltus
167 2738 369 2797 intraturum.
389 2736 495 2815 Usque
504 2731 544 2793 ad
554 2736 713 2794 Camertes
725 2735 862 2794 Umbros
875 2733 1057 2818 penetrasse

35 2858 40 2869 ·
59 2824 221 2889 dicuntur.
236 2822 290 2895 ibi,
306 2822 360 2902 qui
376 2819 488 2895 essent,
504 2818 596 2879 fateri
610 2821 793 2880 Romanum
807 2820 934 2899 ausum:
956 2823 1057 2881 intro·

58 2910 250 2991 ductumque
264 2908 302 2967 in
314 2906 459 2966 senatum
475 2904 611 2965 consulis
626 2907 731 2966 verbis
748 2905 841 2989 egisse
855 2906 895 2967 de
907 2907 1057 2969 societate
1127 2952 1130 2957 ·

59 2997 278 3076 atnicitiaquez
300 3009 393 3072 atque
412 2990 491 3051 inde
509 2993 592 3051 comi
607 2990 742 3073 hospitio
763 2988 950 3075 acceptum2
971 2984 1058 3053 nun'·

58 3086 138 3146 tiare
154 3081 307 3142 Romanis
319 3075 443 3159 jussum,
466 3094 676 3147 commeatum
689 3077 842 3139 exercitui
859 3077 984 3161 dierum
1001 3078 1056 3139 tri·

57 3172 148 3254 ginta
163 3164 377 3251 praestosum,
395 3163 462 3225 siea
471 3165 540 3223 loca
549 3162 710 3238 intrasset,
727 3166 1055 3247 juventutemqueCa·
1072 3154 1078 3163 ¹

57 3256 208 3320 mettium
222 3256 414 3313 Umbrorum
432 3251 469 3312 in
482 3253 578 3310 armis
593 3244 735 3335 paratam
748 3252 885 3333 imperio
900 3248 1055 3333 futurum.¹

59 3345 148 3407 Haec
160 3362 231 3400 cum
247 3340 344 3400 relata
357 3336 479 3397 consuli
494 3336 612 3419 essent,
634 3336 874 3420 impedimentis
890 3339 993 3420 prima
1010 3336 1066 3398 ti·-

57 3426 134 3512 gilia
153 3422 342 3509 praemissis,
369 3425 547 3506 legionibus
562 3423 632 3506 post
646 3423 877 3507 impedimenta
895 3425 942 3485 ire
957 3422 1061 3508 jussis,

30 3542 33 3547 ·
58 3513 124 3599 ipse
139 3511 270 3574 substitit
282 3534 354 3572 cum
367 3512 521 3594 equitatu:
551 3528 591 3591 ct,
608 3511 679 3570 luce
692 3526 770 3585 orta,
788 3509 913 3593 postero
931 3510 984 3572 die
999 3513 1054 3579 oss·

11 3596 18 3711 ἰ
47 3601 208 3683 :equitavit
222 3599 408 3663 stationibus
423 3597 587 3675 hostium„
597 3618 677 3681 quae
692 3615 781 3658 extra
798 3597 909 3677 saltum
922 3588 1053 3679 disposi·

11 3718 15 3737 =
58 3702 109 3749 tae
125 3686 235 3747 erant:
254 3702 310 3761 et,
332 3707 404 3747 cum
418 3682 491 3748 satis
506 3683 562 3747 diu
578 3680 727 3769 tenuisset
738 3683 877 3762 hostem,
897 3686 939 3751 in
952 3675 1053 3768 castra

32 3768 36 3773 ’
102 3768 395 3852 munitores.
495 3766 498 3771 ¹
573 3853 577 3860 ι
641 3770 739 3861 ti·-
992 3760 1068 3858 stit
1110 3828 1164 3859 .-·
