2362 4148
161 105 229 180 εει
335 88 343 123 ’·
372 92 439 175 'tt
461 110 488 189 tt
509 107 538 173 Ε
559 112 592 175 tt
627 112 672 178 r.
724 80 947 186 eninm.

573 200 979 223 ——nnn—-n-—n—-u-

262 280 266 287 ,
330 221 526 302 U,·,C.459.
602 244 605 249 ·

162 328 320 416 admotis]
355 355 476 425 corona
490 336 593 402 cinxit
607 344 738 420 urbem3¹
767 343 965 430 subsidiaque
984 348 1091 428 sitnia,
1126 376 1179 416 ne

165 448 230 515 que
246 425 369 511 eruptio
384 427 485 503 fieret,
506 429 605 511 portis
620 429 772 513 opposuit.
809 434 883 505 sam
896 430 1020 518 signusn
1037 436 1177 504 dantem

166 522 241 579 e'um
270 514 405 581 nuntius
433 534 453 573 e
474 517 596 599 collega
619 516 761 601 trepidus
785 512 826 580 de
853 522 968 603 viginti
991 518 1178 591 cohortium

99 630 105 653 ι
164 600 307 666 edtentu
323 617 354 679 et
367 603 408 661 ab
420 602 542 685 impetu
561 616 702 665 muretus
718 604 779 680 est,
816 623 846 668 et
865 622 987 691 partem
1005 604 1177 694 copiarum

60 742 63 747 .
118 708 121 713 '
163 710 316 754 revocare
331 686 518 750 instructam
534 690 758 777 intentamque
771 687 812 753 ad
828 696 1085 779 oppugnandum
1100 721 1176 762 coe·

162 776 217 862 git.
260 774 305 837 D.
321 774 455 835 Brutum
472 778 621 839 Scaevam
638 780 776 861 legatum
789 802 863 841 oum
877 782 1004 867 legione
1020 786 1127 868 prima
1141 803 1177 850 et

163 863 275 927 decem
290 863 473 924 cohortibus
494 864 601 925 aleriis
615 865 816 950 equitatuque
834 868 883 928 ire
905 868 1057 933 aduersus
1078 872 1176 937 subsi-

162 950 255 1015 dium
268 948 404 1012 hostium
418 948 519 1028 jussit:
553 971 744 1040 quocunque
770 954 809 1014 in
829 952 908 1019 soon¹
920 953 1026 1019 suisset
1044 960 1172 1035 obvius,

160 1034 327 1101 obsisteret
342 1058 378 1097 ac
392 1053 590 1110 moraretur3
610 1058 821 1122 manumque,
850 1038 875 1105 si
890 1040 974 1103 sorte
988 1046 1100 1119 iteres
1114 1064 1171 1130 po.

134 1170 148 1181 ..
161 1124 271 1201 sceret,
288 1124 470 1189 conferret:
493 1122 589 1185 modo
605 1123 708 1186 ne'nd
722 1128 905 1191 Cominium
917 1144 976 1191 eae
988 1131 1100 1215 copiae
1114 1132 1176 1194 ed·

161 1212 287 1275 moveri
301 1206 438 1295 possent.
462 1210 532 1294 lpse
546 1211 643 1274 scalas
652 1211 733 1276 ferri
741 1209 781 1274 etl
795 1234 904 1278 muros
919 1212 960 1278 eb
974 1219 1066 1279 omni
1074 1234 1176 1302 perte·

161 1300 251 1363 urstis
273 1297 382 1383 iussin,
401 1318 440 1358 ec
459 1298 619 1363 testudine
640 1296 684 1361 ad
706 1311 813 1383 portes
844 1298 993 1365 successit.
1022 1302 1112 1365 simul
1135 1322 1172 1369 et

34 1376 51 1459 J
141 1426 143 1431 ·
161 1386 428 1471 refringebantur
442 1397 574 1469 portae,·
595 1401 628 1445 et
641 1387 688 1447 vis
710 1386 852 1471 undique
871 1391 910 1451 in
929 1411 1041 1451 muros·
1059 1392 1173 1454 siebat.

65 1484 68 1488 ’
161 1475 339 1548 Samnites,
366 1471 457 1548 sicut,
489 1486 662 1554 antequam
677 1470 837 1538 inmutis
852 1474 999 1539 viderent
1015 1494 1168 1556 armatos,

88 1606 91 1610 ,
142 1581 145 1586 ’
160 1561 231 1623 satis
247 1559 348 1620 enimi
361 1553 544 1618 habuerunt
557 1557 599 1618 ad
612 1555 832 1642 prohibendos
845 1563 931 1637 urbis
945 1559 1031 1621 aditu
1040 1560 1167 1638 hostes;

19 1644 22 1649 ’
103 1675 104 1678 “
160 1650 223 1737 ite,
239 1645 403 1729 postquam
419 1645 483 1727 jam
498 1661 570 1705 non
586 1644 821 1725 exintertasso,
839 1668 902 1711 nec
917 1646 1092 1725 missttibus,
1108 1647 1171 1710 sed

159 1735 309 1797 corninus
329 1733 495 1814 gerebatur
519 1748 589 1809 tes;
624 1744 673 1808 et,
701 1736 760 1817 'qui
778 1756 878 1817 tegre⁴
891 1727 1103 1796 successerant
1126 1728 1169 1799 ex

172 1814 261 1879 'sano
282 1818 318 1879 i'n
340 1834 466 1894 muros,
497 1820 585 1896 suco,
613 1839 708 1902 quem
729 1823 827 1904 tnagis
847 1822 1041 1899 timuerent,
1068 1821 1176 1899 ricto,-

158 1842 254 1970 sacile
268 1907 306 1967 in
320 1903 441 1966 hostem
455 1906 613 1988 imparem
629 1924 670 1966 ex
691 1926 791 1990 aequo
810 1909 1016 1990 pugnabant;
1043 1909 1165 1969 relictis

160 1991 301 2055 turribus
317 1992 488 2073 murisque,
510 1993 548 2052 in
559 1987 667 2055 sorum
680 2012 793 2053 omnes
806 1991 979 2076 compulsi,
1000 1990 1164 2075 ptulisper

159 2081 239 2145 inde
256 2064 463 2142 tentaverunt
477 2096 655 2141 extremam
672 2098 798 2162 pugnae
812 2074 986 2140 fortunam.
1015 2070 1167 2158 Deind'e,

161 2168 292 2252 abjectis
307 2166 435 2242 ermis,
470 2164 513 2226 ed
535 2166 687 2227 undecim
709 2168 810 2249 missia
832 2166 1003 2229 hominum
1028 2182 1061 2229 et
1088 2187 1167 2249 qua·

138 2288 141 2295 ·
161 2255 329 2339 dringenti
338 2247 379 2314 in
395 2251 491 2313 fidem
507 2251 651 2314 consulit·
659 2270 832 2316 venerunt.
854 2253 943 2316 caesa
963 2252 1168 2338 tid-'quatuor

160 2342 263 2405 millia
290 2341 427 2403 trecenti
454 2340 622 2424 octoginta.
663 2335 788 2403 “Sicad
817 2336 1017 2419 Cominium,
1056 2334 1100 2401 sic
1118 2338 1167 2401 ad

80 2478 83 2483 .
160 2428 368 2512 Aquiloniam
381 2425 465 2511 gesta
475 2424 539 2489 res.
570 2423 652 2489 Inde
667 2428 775 2490 medio
789 2428 877 2491 inter
892 2426 969 2489 duos
985 2430 1081 2488 urbes
1094 2424 1167 2511 spe.

159 2520 215 2594 tio,
233 2517 286 2576 ubi
300 2516 393 2576 tertia
406 2512 582 2598 exspectata
596 2531 665 2593 eret
678 2536 802 2599 pugna,
818 2513 921 2574 hostes
935 2531 1007 2571 non
1020 2511 1165 2579 inventi.

159 2605 280 2689 septem
300 2590 400 2664 millia
423 2600 567 2684 passuum
589 2622 660 2662 cum
682 2600 823 2659 abessent
844 2596 1041 2674 aCominio‚
1071 2606 1167 2679 reto-

106 2734 109 2739 ·
159 2692 222 2756 cati
237 2692 277 2752 ab
292 2690 353 2751 suis
374 2688 484 2747 neutri
505 2684 627 2768 proelio
647 2696 865 2745 occurrerunt.
918 2683 1031 2747 Primis
1056 2682 1171 2750 sermo

159 2778 302 2841 tenebris
316 2798 388 2836 cum
402 2775 440 2833 in
454 2770 626 2853 conspectu
641 2770 704 2850 jem
727 2767 841 2846 castra,
870 2770 934 2853 jam
949 2767 1173 2853 Aquiloniam.

121 2888 124 2893 ·
157 2863 357 2936 habuissent,
389 2859 509 2918 cs'amor
525 2874 578 2916 eos
592 2856 743 2938 utrinque
757 2877 816 2939 par
831 2856 980 2919 accidens
995 2855 1167 2925 sustinuite

99 2967 113 3007 .·
159 2950 280 3017 deinde
297 2971 314 3009 e
329 2945 462 3028 regione
477 2940 668 3018 castrorum,
702 2964 782 3025 quae
794 2942 931 3021 incense⁸
944 2946 983 3002 ab
997 2944 1169 3013 Romanis

143 3070 145 3077 ·
161 3055 274 3111 erant,
299 3034 425 3094 flamma
441 3030 504 3089 sate
520 3026 587 3088 susa
601 3031 744 3091 certioris
758 3029 858 3093 cladis
871 3028 994 3092 indicio
1006 3034 1172 3113 progredi

63 3128 68 3132 '
157 3126 283 3209 longius
305 3116 478 3202 prohibuit.
522 3114 570 3176 Eo
591 3115 657 3200 ipso
679 3118 750 3178 loco
770 3112 879 3201 prope
888 3133 1009 3190 temere
1030 3115 1088 3177 sub
1110 3140 1165 3180 ttr-

142 3202 218 3277 'mis
241 3206 328 3268 strati
350 3202 461 3291 passim
482 3203 665 3290 inquietum·
682 3224 782 3269 omne
805 3220 929 3289 tempus
951 3203 1072 3278 noctis,
1105 3225 1164 3271 ex.

156 3290 330 3385 spectando
345 3289 552 3374 timendoque
568 3291 688 3369 lucem,
712 3301 823 3374 egere.'
843 3293 964 3376 prima
977 3291 1069 3363 soce,
1107 3294 1178 3357 in·-

156 3385 238 3451 certi
258 3402 354 3466 quam
369 3381 407 3440 in
422 3394 545 3461 partem
559 3372 772 3439 intenderent
785 3378 865 3455 iter,
899 3372 1088 3461 repetite-in
1112 3378 1166 3443 su.

154 3495 225 3561 gam
240 3467 500 3541 consternantur,
515 3464 676 3549 conspecti
690 3468 729 3525 ab
743 3467 916 3548 equitibus:
939 3464 1004 3547 qui,
1020 3464 1171 3551 egressop

154 3566 251 3629 nocto
266 3554 311 3622 eb
333 3552 453 3641 oppido
476 3553 635 3619 Samnites
649 3550 823 3637 persecuti,
846 3550 1165 3619 uideruntemititu-¹

171 3658 174 3667 ¹
290 3672 292 3677 -
358 3652 361 3657 ’
406 3674 408 3679 .
459 3660 462 3665 ·
507 3676 516 3695 r
604 3684 629 3699 ΙΙ,
674 3714 677 3720 .
916 3634 1173 3727 ,hp-'dinem

1163 3770 1168 3793 s
