2362 4148
251 180 463 245 LIBER
505 183 577 245 Vll.
644 181 733 246 Car
715 176 1169 283 '‘KQ-..393

112 266 301 282 m

294 288 477 364 U.(.412
638 286 865 365 a..CN.340'.
930 336 958 345 ,,

97 366 704 385 w
709 356 1092 389 -ι--ὰ--η-ι-ιι-

53 436 56 441 ·
97 426 144 469 tes
161 410 245 467 citati
262 405 302 466 ad
317 406 481 469 Valerium
494 403 668 478 consulem,
688 426 784 488 opem
799 422 934 483 oratum,
951 408 1102 470 veniunt.

98 491 275 555 Confestim
292 476 390 575 ligna
394 509 497 567 mota:
522 489 703 577 relictisque
725 490 964 574 impedimentis
986 492 1102 554 castro·

99 602 172 641 rum
186 578 292 644 valido
307 572 487 661 praesidio,
498 579 616 665 raptim
632 579 733 660 agitur
749 597 883 660 agmen:
911 599 974 639 nec
988 578 1103 662 'procul

100 670 141 726 ab
157 664 244 726 hoste
266 667 369 724 locum
384 664 591 746 perexiguum
616 666 674 741 (nt
691 665 820 747 quibus,
843 680 972 746 praeter
992 676 1102 767 equos,

100 768 275 813 ceterorum
289 751 509 833 jumentorum
524 753 737 832 calonumque
749 752 841 809 turba
851 748 983 826 abesset)
994 742 1115 813 odinis

99 840 191 922 cepit.
237 836 427 899 Samnitium
452 838 625 912 exercitus,
648 838 736 899 velut
752 835 840 896 hand
859 838 922 895 ulla
937 836 1030 901 mota
1045 859 1138 937 pn·

97 945 179 1007 gnae
193 921 300 984 sutura
317 921 409 1000 esset,
433 944 532 986 actem
529 922 691 999 ,instruit
716 920 846 995 deinde,
865 920 1029 1005 postquam
1044 912 1138 983 ιιι·’

97 1033 156 1072 mo
166 1010 275 1071 obvius
291 1013 368 1084 ibat,
383 1003 516 1084 infestis
523 1009 617 1092 fignis
633 1008 672 1069 ad
687 1007 786 1068 castra
801 1005 938 1068 hostium
953 1006 1104 1069 socc'edit

53 1161 67 1171 „
96 1098 143 1158 ibi
159 1113 193 1156 ut
208 1098 367 1175 militem
358 1117 396 1157 ιιι
411 1088 494 1157 vallo
509 1096 599 1172 vidit,
617 1094 762 1178 missique
779 1097 818 1155 ab
836 1096 927 1157 omni
944 1111 1034 1177 parte
1046 1114 1103 1157 ex·

96 1186 273 1267 ploratum,
291 1204 393 1284 'quam
406 1184 444 1244 in
463 1185 609 1266 exiguum
626 1185 737 1247 orbem
754 1197 918 1243 contrecta
938 1180 1051 1241 castra
1058 1177 1106 1242 es·

57 1269 62 1285 ’
97 1269 186 1343 sent,
207 1271 398 1353 paucitatem
413 1268 494 1331 i‘nde
515 1268 651 1330 bostium
670 1268 873 1350 colligentes,
903 1271 1105 1345 retulerunt,

96 1353 236 1417 fremere
257 1357 366 1417 omnis
383 1356 481 1434 acies,
508 1353 804 1439 complendase
741 1353 804 1415 esse
832 1352 926 1416 sossas
948 1352 1102 1415 scindam·
1153 1394 1157 1403 ·

97 1442 238 1525 dumque
249 1444 385 1539 vallum,
409 1458 439 1503 et
453 1445 489 1504 in
501 1442 602 1503 castra
616 1439 873 1525 irrumpendum.
892 1456 1104 1503 transactum·

97 1551 159 1631 qne
179 1550 217 1590 ea
233 1514 410 1590 temeritate
423 1532 544 1593 bellum
561 1528 660 1606 foret,
686 1531 724 1589 ni
746 1527 842 1589 doces
864 1526 1116 1605 continuissent

96 1615 253 1698 impetum
266 1617 415 1682 militum.
460 1617 625 1690 Ceterum
655 1617 730 1697 quia
752 1613 923 1676 multitudo
943 1613 997 1677 sna
1013 1634 1102 1677 cotn-
1178 1620 1179 1625 ’

95 1703 253 1763 meatibus
268 1704 389 1784 gravis,
411 1717 444 1762 et
458 1704 545 1787 prius
561 1700 703 1764 sedendo
717 1700 758 1762 ad
774 1699 964 1776 Suessulam,
985 1716 1020 1763 et.
1031 1718 1101 1765 tum

97 1789 281 1849 certaminis
298 1809 398 1863 mora,
415 1786 502 1847 haud
516 1790 628 1870 procul
645 1790 685 1847 ab
700 1808 809 1847 rerum
824 1789 973 1848 omnium
987 1789 1105 1872 inopia
1171 1788 1174 1793 ’

98 1871 194 1943 esset3
222 1874 356 1954 placuit,
387 1870 464 1932 dum
484 1871 622 1934 inclusus
639 1874 769 1957 pateret
790 1871 903 1947 hostis,
924 1870 1103 1942 frtttnente-

99 1973 166 2016 tum
180 1979 239 2040 per
252 1977 342 2047 agros
356 1959 490 2020 militem
505 1957 612 2020 duci.
603 1960 735 2020 tnterim
752 1975 782 2027 et
796 1960 957 2037 Romano,
975 1963 1029 2045 qui
1045 1981 1102 2023 ex·

97 2043 239 2126 peditus,
263 2060 415 2128 quantum
439 2046 607 2111 humeris
598 2061 686 2107 mter
708 2064 796 2105 arma
818 2047 884 2126 geri
907 2045 1009 2128 posset
1032 2046 1100 2108 sru-

98 2130 218 2207 mcnti‚
241 2127 346 2191 secum
345 2131 524 2207 attulisset,
553 2131 700 2192 defutura
716 2131 836 2193 omnia.
881 2132 997 2193 Consul
1012 2135 1103 2217 pult·

97 2231 147 2277 tos
161 2237 220 2298 per
233 2238 322 2301 agros
338 2239 410 2278 cum
426 2217 551 2280 vidisset
565 2217 683 2293 hostes,
705 2216 856 2289 stationes
870 2216 959 2279 infre
961 2235 1101 2301 quanta!

97 2305 239 2378 relictas,
262 2305 370 2387 paucis
383 2305 499 2367 milites
514 2303 714 2379 adhortatus,
738 2303 779 2363 ad
794 2303 893 2364 castra
909 2324 1104 2389 oppugnan-

97 2387 252 2449 deducit.
275 2410 446 2472 quaecum
467 2392 573 2474 primo
589 2393 728 2451 clamore
749 2392 842 2473 atque
862 2391 984 2493 impetu
1003 2390 1103 2474 cepis·

96 2473 157 2551 set,
184 2476 327 2556 pluribus
348 2475 513 2537 hostiutn'
506 2497 543 2537 tn
564 2478 712 2538 tentoriis
728 2475 808 2551 suis,
834 2496 928 2559 quam
945 2477 982 2538 in
993 2479 1101 2561 portis

92 2564 256 2644 ualloque,
279 2562 409 2639 caelis,
412 2562 639 2646 sigonaeaptita
655 2565 809 2623 inunum
825 2563 932 2623 locum
953 2562 1100 2626 conserti

67 2720 73 2737 ‚
96 2647 197 2730 jusiit3
225 2650 406 2731 relictisque
422 2649 542 2739 duabus
566 2650 755 2750 legionibus
759 2649 919 2710 custodiae
941 2666 971 2710 et
984 2648 1116 2736 praesi-

51 2800 60 2807 ,
97 2734 143 2795 dii
157 2733 264 2810 causa,
296 2738 383 2818 grati
398 2726 508 2797 edicto
516 2737 668 2812 monitis,
696 2751 747 2811 ut,
773 2734 882 2796 donec
903 2735 968 2818 ipse
992 2758 1104 2800 rever

97 2818 195 2896 tisset,
217 2822 337 2903 praeda
357 2824 573 2909 abstinerent·
567 2818 761 2905 ,proiectus
781 2822 909 2903 agmine
930 2820 1100 2903 instructo,

97 2927 171 2991 cum
186 2907 370 2993 praemissus
384 2928 481 3011 eques
495 2872 581 2972 celui
595 2906 751 3005 indagine
766 2907 927 2992 dissipatos
936 2910 1101 2971 Samnites

90 2986 220 3076 ageret,
246 2985 412 3055 caedem
402 3011 569 3078 mgentem
592 2993 676 3056 fecit.
709 2998 787 3055 nam
804 3015 911 3077 neque
929 3016 992 3075 quo
1009 2988 1099 3075 signo

96 3082 222 3140 coirent
234 3081 322 3141 inter
336 3078 384 3158 se,
405 3102 523 3164 neque,
545 3077 652 3143 utrum
668 3079 767 3143 castra
780 3096 939 3164 peterent,
967 3100 1010 3137 an
1025 3080 1099 3139 lon·

96 3167 226 3247 gioremt
244 3165 458 3230 intenderent
484 3166 607 3252 sugam,
638 3169 756 3228 territis
784 3167 930 3227 constare
960 3176 1099 3246 poterat.

98 3252 300 3333 Tantumque
316 3251 410 3337 fugae
426 3274 464 3314 ac
479 3252 666 3315 formidinis
683 3252 759 3330 suit,
782 3271 817 3314 ut
832 3253 872 3313 ad
886 3249 1118 3332 quadraginta

98 3336 199 3399 millia
211 3336 385 3418 scutorum,
408 3360 608 3425 nequaquam
625 3356 671 3400 tot
686 3299 799 3415 caesis,
827 3354 858 3397 et
877 3339 963 3419 ligna
986 3336 1101 3407 milita·

48 3418 52 3425 “
97 3425 147 3483 ria
164 3444 235 3483 cum
249 3425 300 3500 iis,
313 3447 392 3507 quae
402 3426 555 3489 incastris
565 3442 768 3510 captaerant
783 3423 964 3485 adcantum
977 3421 1101 3507 septua-

94 3512 186 3595 ginta
200 3509 241 3571 ad
256 3512 419 3576 consulem
435 3512 650 3575 deferrentur.
690 3514 800 3574 Tum
791 3508 945 3582 menstra
960 3510 1100 3581 hostium

90 3597 251 3673 aedium:
273 3600 406 3697 ibique
400 3600 505 3671 omnia
518 3601 640 3689 praeda
653 3600 747 3661 militi
762 3597 845 3662 data.
1107 3613 1113 3621 ·

394 3782 400 3799 ·
468 3780 496 3867 ',
552 3765 649 3839 cea
923 3770 1113 3837 ιιιιιιι..
