2362 4148
10 35 1162 78 m

200 116 445 221 ’LE-{ll
481 117 537 180 vl.
586 112 887 185 Canusium.
997 130 1062 199 330

48 210 286 310 We
303 250 329 289 u.
344 228 376 287 c.
395 226 435 283 N·
448 229 515 303 379
556 224 649 285 *'*U·
665 228 698 285 C·
713 228 786 306 374·
810 252 835 289 a·
853 228 890 289 C·
908 229 948 290 N·
964 236 1041 307 378·
1146 270 1149 275 ·

54 356 119 434 est,
141 370 176 416 ut
192 349 299 411 minus
312 348 402 410 credi
418 347 458 406 de
474 345 682 422 criminibus,
703 347 775 429 quia
789 351 916 411 nollent
927 372 966 413 ea
989 375 1062 417 vera

54 440 137 519 ¹esse,
162 446 341 523 appareret.
876 446 880 459 “

63 526 67 537 “
160 526 257 587 xxtt
300 509 511 601 *snsequenti
532 532 620 580 anno
643 516 694 601 Sp.
720 530 754 583 et
776 514 811 583 Ῑ..
828 514 965 610 Papirii,
988 524 1061 587 nori

56 610 183 680 tribuni
204 610 339 671 miiitum
360 606 521 670 consulari
539 604 718 689 potestate,
757 609 893 674 Velitras
919 612 1060 696 legiones

58 704 200 775 duxere3
234 712 367 780 quatuor
399 694 548 774 collegis,
581 693 647 755 Ser.
671 692 825 756 Cornelio
847 698 1062 783 Maluginense

61 805 224 875 quartum,
255 780 463 863 QqServilio,
483 778 549 842 Ser.
566 776 725 863 Sulpicio,
757 779 946 845 1..Aemitt0
972 808 1061 865 «quar.

59 895 143 949 tum,
165 872 303 948 tribunis
318 869 358 929 ad
374 866 565 957 praesidium
581 867 686 955 urbis,
705 882 738 930 et
759 864 851 950 siqui
873 889 915 930 ex
940 873 1063 934 Etruria

56 960 258 1037 novitnotus
280 954 531 1028 nuntiarentur,
569 954 693 1029 (omnia
715 954 802 1014 enirn
826 955 905 1017 inde
926 954 1064 1035 suspecta

40 1036 164 1127 erant)
181 1044 311 1107 relictis.
348 1040 399 1113 rid
417 1042 552 1104 Velitras
568 1037 713 1103 aduersus
731 1043 848 1119 majora
864 1062 965 1126 paene
978 1047 1064 1105 auri-

56 1139 101 1200 iia
120 1131 414 1201 Praenestinorum,
443 1149 533 1209 quam
557 1125 656 1209 ipsam
677 1130 865 1189 colonorum
890 1131 1063 1195 multttudi.

56 1242 152 1301 nem,
173 1217 312 1282 secundo
331 1212 455 1300 proelio
476 1227 651 1299 pugnatum
673 1212 734 1297 est}
757 1216 801 1275 ita
823 1233 857 1276 ut
878 1218 1065 1299 propinqui·

58 1324 105 1374 tas
128 1299 313 1371 urbishcsti
345 1321 376 1364 et
397 1290 488 1365 causa
509 1300 692 1362 mutuiioria
713 1301 825 1383 fugae,
846 1318 879 1363 et
899 1322 998 1365 unum
1024 1327 1066 1365 ex
1107 1296 1108 1301 ¹

50 1386 132 1482 'suga
150 1391 385 1476 receptaculum
406 1387 489 1452 esset.
534 1386 655 1473 Oppidi
680 1390 916 1472 oppugnatione
938 1392 1066 1453 tribuni
1126 1418 1132 1437 ·-

58 1481 260 1555 abstinuere·,
282 1478 354 1557 quia
368 1494 400 1539 et
413 1496 533 1557 anceps
549 1491 637 1549 erat,
657 1478 768 1537 necin
786 1477 966 1557 perniciem
984 1480 1067 1541 colo·

59 1573 136 1635 niae
150 1564 358 1657 pugnandum
373 1563 554 1629 censebant.
587 1561 710 1623 Literae
725 1560 859 1623 Romam
875 1562 1067 1625 adsanatutn

59 1677 133 1722 cum
151 1655 303 1718 victoriae
322 1646 465 1725 nuntiis,
483 1651 622 1711 acriores
636 1648 674 1709 in
692 1648 949 1723 Praenestinum,
971 1673 1067 1735 quarn

58 1746 97 1809 in
110 1740 314 1805 Veliternum
322 1737 465 1804 hostem,
487 1734 603 1797 missae.
633 1738 742 1817 ltaque
757 1756 799 1798 ex
812 1734 1062 1800 senatusconsul-

59 1848 93 1894 to
113 1830 285 1913 populique
306 1823 385 1902 iussu
406 1823 525 1883 bellurn
545 1820 758 1883 Praenestinis
788 1821 966 1901 indictum:
1001 1826 1068 1907 qui,

61 1907 228 1994 conjuncti
243 1908 379 1978 Volscis,
403 1928 490 1968 anno
505 1904 693 1989 insequente
707 1906 881 1984 Satricum,
906 1912 1067 1975 coloniam

62 1998 174 2085 populi
192 1996 331 2060 Romani
352 1993 566 2079 pertinaciter
578 2014 598 2053 a
621 1995 742 2063 coluris
760 1992 941 2072 defensam,
966 1997 997 2060 ri
1013 2020 1066 2060 ex·

61 2099 280 2231 iigsissib
296 2074 664 2229 assistitis*
679 2100 875 2229 iiiiii
890 2083 1069 2233 'iiiiii‘

559 2202 563 2213 ·
698 2204 722 2227 a·
1015 2194 1032 2231 ii

60 2258 229 2341 septimum
246 2188 563 2321 trieniumpmilnum
581 2212 737 2317 cree’rere.
759 2254 860 2332 additi
877 2258 1015 2341 collegae
1031 2195 1069 2322 isi

62 2364 95 2419 er
110 2350 143 2407 L.
162 2342 308 2404 Postumii
325 2338 536 2424 Regillenses,
557 2362 593 2401 ac
610 2342 648 2401 Le
657 2340 785 2416 Furius,
812 2365 884 2409 curn
910 2346 944 2409 L.
958 2346 1068 2407 becre-

62 2433 109 2495 rio
124 2448 155 2493 et
169 2428 214 2494 M.
231 2428 327 2490 Fabio
348 2426 508 2488 Ambusto.
547 2424 694 2488 Volscum
711 2430 831 2489 bellum
847 2432 891 2493 Μ.
908 2431 1003 2511 Furio
1016 2454 1069 2493 ex.

62 2536 113 2582 rra
133 2516 281 2580 ordinem
302 2513 477 2577 decretum.
497 2506 625 2594 adjutor
638 2536 678 2575 ex
697 2516 835 2576 tribunis
854 2514 938 2579 sorte
961 2520 994 2577 L.
1010 2520 1068 2579 Fu·

62 2608 128 2668 rius
143 2604 256 2679 datur;
278 2620 348 2663 non
363 2617 427 2661 tam
443 2599 659 2681 erepublica,
677 2621 772 2679 quam
793 2594 827 2671 ut
848 2604 1067 2688 collegae-rna·

63 2692 143 2755 teria
157 2690 199 2752 ad
210 2706 340 2751 omnem
353 2684 479 2751 laudem
494 2685 588 2763 esset}
609 2703 643 2749 et
663 2688 811 2769 publice,
831 2688 915 2771 quod
940 2711 1007 2751 rem
1024 2707 1069 2753 te·

62 2779 209 2841 meritare
223 2777 288 2859 ejus
302 2774 477 2858 prolapsam
499 2773 656 2850 restituit3
678 2790 710 2839 et
729 2774 891 2857 privatim,
922 2776 1007 2861 quod
1028 2798 1070 2840 ex

64 2886 174 2927 errore
187 2863 320 2946 gratiam
335 2865 438 2945 potius
454 2861 519 2944 ejus
534 2859 609 2933 sabi,
633 2880 725 2942 quam
742 2859 825 2923 suam
841 2863 994 2946 gloriam,
1016 2887 1069 2949 pe·

64 2950 127 3015 tiit.
173 2952 308 3013 Exactoe
322 2948 384 3031 jam
397 2949 508 3015 aetatis
523 2942 672 3008 Cantilius
684 2965 771 3023 eret,
799 2951 1001 3034 comitiisque
1024 2952 1070 3031 ju.

64 3061 138 3103 rare
154 3051 263 3122 parato
275 3033 311 3095 in
321 3036 417 3101 rerba
430 3033 627 3097 excusandae
641 3032 818 3095 valetudini
833 3034 920 3097 solita
938 3035 1070 3101 consen·

63 3124 112 3190 sus
129 3123 237 3209 populi
253 3118 426 3185 restiteratt
441 3117 493 3183 sed
507 3136 652 3205 vegetum
666 3121 832 3204 ingenium
843 3122 880 3183 in
895 3122 1001 3185 tivido
1017 3143 1069 3204 pe-

66 3231 155 3275 ctore
177 3212 318 3295 rigebat,
348 3206 532 3288 virebatque
552 3207 688 3289 integris
713 3206 867 3286 sensibus,
908 3226 941 3270 et
962 3209 1071 3270 civiles

66 3299 130 3380 jam
159 3302 210 3359 res
240 3294 326 3357 haud
351 3311 545 3379 magnopere
573 3296 746 3356 olteutttern
766 3297 849 3354 belle
877 3290 1070 3359 excitabant.

67 3386 211 3464 Quatuor
224 3381 402 3465 legionibus
418 3398 606 3463 quaternum
624 3382 761 3442 millium
777 3379 911 3463 scriptis,
924 3380 1070 3463 exercitu

65 3468 192 3531 indicto
209 3468 248 3529 ad
265 3484 390 3549 pert-arn
404 3460 597 3549 Esquilinam
613 3465 649 3527 in
688 3466 822 3527 osterum
837 3466 941 3544 diem,
960 3468 1000 3529 ad
1020 3469 1071 3531 Sa-

64 3557 183 3619 tricum
198 3552 366 3636 proiectus.
395 3554 460 3617 ¹lbi
481 3573 553 3613 eum
566 3491 796 3636 erpugilatores
812 3553 957 3616 coloniae
972 3552 1071 3637 haud-

64 3661 219 3728 quaquam
239 3636 390 3724 perculsi,
424 3638 562 3703 sidentes
582 3638 720 3701 militum
743 3660 895 3718 numero,
930 3664 994 3726 quo
1008 3638 1071 3709 snt.

71 3770 73 3775 s
359 3746 363 3767 2
431 3762 435 3769 -
543 3764 547 3785 ι
583 3725 656 3785 Ya
974 3747 1072 3813 quan·
