2362 4148
151 70 263 111 Ἣ
308 58 467 75 ..„„.-..
509 68 552 77 --

269 216 552 299 stadt-1.
618 234 703 298 cn.
734 234 792 295 ιιι.
820 232 876 299 tv.

65 424 274 442 m

65 461 160 526 esset
200 461 313 522 Silvius
333 455 605 540 deinde'regnat,
632 456 762 521 Ascanii
780 462 880 535 silius,
903 457 974 520 casu
995 476 1070 537 quo·

66 548 200 611 damin
216 542 300 609 silvis
310 561 412 609 natus.
439 546 471 605 Is
484 544 624 605 Aenean
635 544 765 606 Silvium
779 564 874 609 creat.
903 548 934 607 is
950 538 1072 605 deinde

64 639 222 700 Latinum
238 633 379 695 Silvium.
407 628 462 691 ab
478 650 515 690 oo
528 631 675 692 coloniae
688 631 805 714 aliquot
818 632 983 706 deductae,
1007 628 1072 713 Pti-

65 724 115 785 sci
136 720 238 783 Latini
254 718 415 802 appellati.
458 715 574 779 Mansit
595 716 709 779 Silvius
731 716 836 802 postea
856 719 1006 782 omuibus
1023 732 1072 776 eo-

66 829 231 895 gnomen,
250 808 306 887 qui
317 803 419 865 Albae
434 820 620 887 regnarunt.
664 806 778 879 Latino
791 804 875 869 Albe
888 822 990 879 ortus,
1019 799 1073 861 Al·

67 901 111 975 ha
131 894 227 976 Atys,
250 891 336 972 Atye
353 892 474 972 Capys,
504 892 610 972 Capye
631 894 800 975 Capetus„
814 894 929 975 Capeto
950 886 1074 951 Tiberi·

68 1003 153 1059 ttus3
178 982 250 1062 qui,
270 979 308 1039 in
324 977 457 1059 trajectu
466 974 600 1045 Albulae
616 980 720 1041 amnis
737 977 922 1055 submersus,
945 979 1091 1038 eelebre-
1144 992 1149 1002 ·

30 1108 33 1113 -
69 1068 114 1130 ad
135 1067 277 1151 posteros
293 1083 418 1125 nomen
434 1062 562 1122 flumini
581 1061 696 1127 dedit..
718 1063 866 1151 Agrippa
883 1063 962 1127 inde
979 1064 1076 1124 Tibe·

69 1156 137 1217 rini
159 1154 260 1228 filius,
281 1138 352 1235 post
366 1148 539 1232 Agrippam
557 1150 712 1213 Romulus
731 1154 864 1227 Silvius,
886 1154 1011 1233 epatre
1024 1168 1074 1209 aa·

70 1258 166 1324 cepto
186 1240 341 1322 imperio,
369 1252 492 1319 regnat.
534 1234 715 1315 Aretitino,
745 1238 883 1301 fulmine
901 1237 966 1320 ipse
982 1237 1074 1309 ictus,
1107 1288 1110 1293 .

71 1348 207 1412 regnum
223 1347 283 1409 per
296 1343 412 1399 manus
428 1319 569 1385 tradidit.
595 1325 635 1401 is,
656 1326 793 1407 sepultus
808 1328 847 1387 in
860 1347 899 1388 eo
912 1324 1003 1398 colle,
1021 1320 1077 1405 qui

71 1436 164 1495 nune
187 1413 232 1474 est
254 1432 335 1495 pars¹
353 1411 521 1470 Romanae
545 1412 648 1487 urbis,
675 1432 857 1494 cognomen
888 1412 962 1473 colli
992 1406 1076 1469 secit.

34 1562 46 1573 ,,
72 1507 172 1564 Proca
182 1497 307 1561 'deinde
321 1512 453 1579 regnat:
465 1498 501 1557 ⁴is
511 1494 710 1559 Numitorem
726 1499 992 1581 atqueAmulium
1003 1515 1077 1581 pro·

71 1604 168 1649 erent.
199 1585 370 1658 Numitori,
389 1585 442 1665 qui
457 1581 562 1665 stirpis
577 1586 734 1646 maximus
748 1603 827 1660 erat,
842 1606 979 1668 regnum
991 1596 1077 1643 vetu-
1132 1598 1135 1605 ·

72 1677 155 1735 stum
170 1672 284 1734 Silviae
298 1670 402 1754 gentis
417 1672 510 1752 legat.
555 1673 626 1731 Plus
643 1688 754 1732 tamen
770 1674 818 1755 vis
834 1672 955 1757 potuit,
981 1688 1077 1751 quam

72 1762 220 1824 voluntas
249 1758 349 1842 patris
378 1772 431 1816 aut
460 1756 656 1819 verecundia
684 1760 802 1821 aetatis.
849 1757 940 1819 Pulso
964 1755 1077 1831 fratre,

41 1880 44 1891 ·
73 1846 218 1911 Amulius
231 1860 365 1926 regnat:
396 1840 486 1903 addit
500 1840 612 1905 sceleri
626 1843 742 1907 scelus:
766 1845 898 1929 stirpem
912 1843 1021 1904 sratris
1034 1841 1079 1902 vi·

70 1936 168 1994 rilem
186 1932 360 1993 interimit:
384 1927 491 1988 sratris
510 1928 591 1991 tiliae
606 1932 717 1992 Rheae
734 1923 846 1995 Silviae
863 1952 923 2015 per
941 1930 1079 2014 speciem
1122 1980 1125 1985 .

72 2018 225 2090 honoris,
248 2037 345 2097 quum
361 2016 516 2077 Vestalem
532 2038 602 2077 eam
618 2016 755 2102 legisset,
775 2037 934 2109 perpetua·
949 2014 1078 2109 virgi-ni:
1117 2040 1121 2046 ·

76 2120 142 2165 tate
168 2101 258 2184 spem
277 2115 385 2181 partus
407 2097 531 2158 adimit.

165 2276 222 2338 IV.
267 2271 329 2333 Sed
349 2269 543 2347 debebatur,
568 2288 603 2333 ut
618 2274 845 2358 opinor,·iatis
862 2291 971 2337 tantae
989 2276 1080 2357 origo

77 2364 176 2438 urbis,
193 2360 391 2439 maximique
406 2356 586 2419 secundum
597 2361 745 2423 Deorum
758 2384 835 2446 opes
849 2358 978 2453 imperii
992 2363 1082 2447 p'rin·

50 2451 206 2533 'cipium
241 2448 281 2506 Vi
298 2442 475 2529 cotnpre'ssa
489 2446 637 2526 Vestalis,
660 2448 756 2531 quum
772 2453 939 2533 geminum
953 2444 1082 2532 partum
1131 2468 1134 2477 ·

23 2580 29 2597 -.
79 2535 237 2611 edidisset,
252 2533 307 2594 seu
320 2533 363 2592 ita
377 2536 454 2606 rate',
473 2532 526 2594 seu
542 2536 615 2616 quia
628 2535 719 2597 Deus
734 2552 843 2597 auetor
856 2538 968 2621 culpae
981 2536 1083 2597 b'one·

78 2627 155 2705 iiior
170 2638 247 2698 erat,
262 2623 401 2681 Martem
415 2619 557 2681 incertae
570 2619 809 2706 stirpispatrem
818 2636 993 2707 nuncupat.
1015 2616 1083 2684 sed

78 2733 143 2772 nec
156 2709 224 2784 Dii,
246 2726 311 2768 nec
324 2704 485 2784 homines,
507 2707 684 2791 autipsam,
700 2726 753 2771 aut
766 2709 897 2797 stirpem
911 2731 932 2771 ι
945 2706 1082 2772 erudeli·

29 2851 31 2855 .
79 2814 145 2859 tate
157 2797 247 2878 regia
258 2792 436 2856 sindicant.
453 2790 596 2856 sacerdos
610 2798 720 2857 vineta
732 2796 955 2860 incustoditus
968 2795 1083 2869 datur3

53 2890 195 2968 'pueros
219 2883 257 2943 in
269 2879 490 2969 'profluentem
512 2902 624 2962 aquam
648 2883 733 2944 mitti
751 2883 850 2966 jubet.
892 2886 988 2963 Forte
1007 2900 1081 2965 qua·

80 2971 155 3032 dam
169 2967 322 3030 divinitus
337 2965 432 3048 super
448 2968 533 3049 ripas
542 2971 669 3032 Tiberis
683 2967 800 3033 effusus
813 2972 941 3035 lenibus
953 2970 1084 3053 stagnis,

80 3079 145 3118 nee
156 3054 240 3115 adiri
246 3074 378 3134 usquam
392 3053 432 3114 ad
443 3055 513 3137 justi
521 3055 646 3116 cursum
659 3072 784 3139 poterat
793 3060 918 3137 amnis;
938 3072 979 3134 et,
994 3052 1082 3140 posse

79 3142 224 3226 quantavis
238 3139 390 3221 languida
406 3143 508 3225 mergi
522 3164 603 3227 aqua
617 3142 776 3221 infantes,
799 3144 888 3231 spem
901 3142 1082 3207 serentibus

81 3231 185 3289 dabat.
214 3228 274 3287 .ita
290 3228 374 3286 velut
391 3227 535 3289 defuncti
549 3230 631 3312 regis
647 3231 801 3312 imperio,
825 3232 863 3293 in
876 3233 1024 3317 proxima
1040 3227 1088 3310 etl-⁰¹

81 3318 181 3390 lotia,
210 3314 267 3375 ubi
279 3333 373 3393 nune
388 3315 463 3376 fieus
480 3316 662 3378 Ruminalis
681 3315 726 3378 est
747 3320 976 3396 (Romularem
991 3334 1082 3379 voca·
1137 3372 1140 3377 ,

83 3419 148 3477 ιιιιι
161 3396 295 3477 serunt)
306 3421 428 3481 ¹pueros
446 3420 637 3485 exponunt·
666 3400 779 3466 Vestae
799 3407 927 3468 tum'in
944 3406 983 3466 iis
1004 3402 1083 3463 locis

83 3487 267 3548 solitudines
282 3502 383 3546 erant.
406 3491 513 3551 Tenet
528 3491 623 3568 same,
640 3512 737 3573 quum
752 3490 930 3556 fluitantem
944 3492 1083 3565 alveum,

82 3596 146 3655 qno
162 3571 290 3655 expositi
307 3590 404 3633 erant
413 3576 525 3658 pueri,
544 3578 651 3638 tenuis
670 3579 709 3638 in
729 3577 809 3641 liceo
829 3600 910 3661 aqua
930 3572 1083 3640 destituis·

84 3662 146 3734 set,
176 3660 282 3741 lupam
304 3659 462 3721 fitientem
482 3682 523 3723 ex
542 3665 719 3740 montibus,
745 3668 801 3749 qui
815 3667 909 3728 'eirea
928 3664 1018 3740 lunt,
1041 3662 1085 3723 ad

82 3746 241 3831 puerilem
252 3748 388 3846 vagitum
402 3748 527 3809 cursum
537 3748 658 3817 flexisse
668 3764 679 3812 τ’
691 3771 762 3814 eam
777 3750 939 3816 submissas
950 3748 1082 3815 infanti.

20 3867 34 3891 .·
83 3838 145 3895 bus
158 3832 239 3895 adt-⁰
253 3848 363 3902 mrtem
376 3834 561 3921 praetimsie
571 3844 744 3921 mammas,
765 3842 927 3927 tit-lingua
938 3839 1086 3907 lamben-

307 3965 312 3972 ·
491 3976 494 3981 .
599 3924 633 3993 Ἀ
654 3926 678 4010 4
1033 3942 1108 3989 tem
