2362 4148
73 406 128 465 ut,
149 389 269 451 relictis
283 387 406 466 ruinis,
424 390 462 450 in
484 390 594 451 urbem
613 404 750 465 paratam
762 390 856 459 Veios
872 395 1076 479 transmigro·

10 466 16 483 ⁸
71 492 159 554 rent,
172 475 209 538 in
224 476 424 552 concionem,
445 477 594 539 universo
608 476 717 541 senatu
732 475 950 563 prosequente,
964 479 1075 547 elcan·
1163 502 1167 511 ’

70 563 141 642 dit,
160 578 255 646 atquo
266 564 311 624 ita
329 565 424 626 verbe
442 562 538 626 fecit:

176 737 225 801 LI.
267 736 349 798 Adeo
370 734 443 799 mibi
470 734 586 799 acerbae
600 735 690 819 sunt,
724 696 882 816 Quirites,
913 695 1073 803 eontentio·
1126 808 1131 818 ,

73 816 202 888 nestum
223 823 355 886 tribunis
377 823 489 906 plebis,
522 843 557 883 ut
577 844 629 883 nse
649 820 805 907 tristiffimi
828 820 922 894 enlilii
933 825 1073 901 solatium

68 910 153 973 alind
164 907 329 986 habuerint,
352 909 451 992 quoaol
470 912 585 973 Artleae
602 913 685 977 vini,
713 932 795 991 quam
816 908 897 992 quod
910 908 1018 991 procul
1036 910 1073 975 eb

22 1069 25 1074 .
68 998 114 1062 bis
127 997 335 1062 certaminibus
352 1018 448 1059 eram:
471 1016 500 1058 et
523 997 557 1058 ob
579 974 673 1057 ebblem
688 993 777 1074 boet,
799 1018 872 1071 non,
890 994 917 1069 fi
935 998 1073 1078 mastu-

10 1102 14 1108 ·
67 1084 242 1169 rusconsalto
263 1083 428 1167 populique
442 1083 524 1167 juffu
548 1089 743 1153 revocaretis,
768 1082 925 1145 rediturus
945 1098 1075 1161 unquam

60 1174 190 1255 fuerint.
235 1169 299 1229 Nec
314 1190 389 1230 nuno
404 1192 464 1238 me,
490 1190 524 1231 ut
540 1166 690 1245 raclirent,
711 1192 771 1233 mea
791 1170 925 1232 uoluntas
949 1185 1072 1245 mutate,

59 1259 114 1344 seol
129 1258 223 1337 vestra
242 1256 372 1336 fortuna
390 1255 539 1341 perpulit.
561 1260 688 1339 quippe,
714 1277 748 1317 ut
771 1261 803 1320 in
819 1257 874 1339 sue
887 1255 958 1340 sede
977 1273 1073 1315 mome-

65 1366 114 1407 ret
126 1345 246 1427 patria,
266 1343 299 1409 iel
312 1344 455 1427 agebatur
460 1366 474 1417 ;
497 1364 554 1404 non
569 1361 604 1403 ut
616 1363 667 1426 ego
682 1346 785 1424 utique
808 1347 840 1405 in
858 1347 964 1426 patrie
981 1338 1072 1422 effetm

65 1451 94 1492 et
109 1454 182 1494 nunc
198 1428 415 1513 quiesceremus
431 1450 556 1492 tacerem
570 1428 707 1506 libenter,
730 1427 785 1500 rifi
797 1426 864 1490 liaeo
879 1446 995 1513 quoque
1009 1445 1071 1508 pro

63 1524 167 1603 putria
187 1520 330 1580 dimicatio
345 1516 433 1619 effer,⁸
454 1522 501 1578 tui
519 1516 623 1597 olueffe,
647 1515 729 1597 quod
743 1521 805 1577 vitu
814 1520 977 1599 suppetat,
999 1512 1071 1575 eliis
1106 1544 1111 1551 ·

63 1623 190 1685 turpe,
210 1600 330 1665 Camillo
353 1609 439 1667 etiam
459 1604 551 1685 nefas'
566 1601 614 1680 est.
663 1602 750 1684 Quini
771 1607 845 1665 enim
867 1594 1070 1683 repetiimus?
1137 1648 1142 1657 .

62 1695 137 1771 quid
151 1687 277 1773 obsoffom
292 1710 329 1749 en
344 1686 466 1768 bostium
480 1689 609 1753 manibus
623 1694 805 1771 eripuimus,
820 1688 848 1763 fi
868 1704 1070 1770 recuperatam

59 1773 118 1855 ipfi
133 1775 312 1858 deserimini
330 1794 360 1834 et
372 1796 451 1849 cum,
471 1774 636 1836 uictoribus
654 1774 765 1844 Gallis.
788 1795 877 1857 capta
900 1793 963 1836 tota
983 1771 1067 1851 urbe,

63 1860 245 1940 Capitolium
259 1879 349 1923 tamen
363 1878 449 1941 atque
464 1882 561 1923 urcem
572 1861 685 1943 Diique
700 1879 729 1921 et
742 1857 869 1939 borsines
886 1859 1009 1923 Romani
1023 1879 1077 1923 tt·-

61 1948 204 2019 nuerint,
227 1942 442 2017 habitauerint5
463 1946 627 2008 victoribus
649 1948 798 2023 Romanis,
820 1966 996 2029 recuperata
1010 1966 1065 2008 ut·

59 2028 110 2099 be,
132 2051 193 2091 urse
205 2049 319 2113 quoque
336 2050 364 2089 et
381 2030 560 2112 Capitolium
582 2032 760 2113 deseretur?
780 2052 810 2096 et
831 2034 901 2116 plut
917 2032 1066 2111 uastitatis

59 2113 131 2177 buit
154 2117 224 2176 urbi
237 2115 365 2201 secunda
382 2114 479 2194 nostra
493 2118 626 2197 fortune
642 2118 761 2200 fauet,
780 2139 866 2199 quum
885 2116 1066 2199 oduersafe·

58 2203 127 2264 cit?
156 2200 317 2285 Equidem,
341 2201 369 2276 fi
388 2203 470 2263 nobis
487 2226 549 2266 eum
561 2203 634 2265 urbe
643 2202 733 2277 fimul
746 2202 856 2286 pofitae
878 2204 1063 2285 traditaeque

56 2310 116 2436 paen
128 2310 228 2350 manus
244 2289 402 2375 religiones
417 2290 511 2369 nullut
526 2290 612 2372 effert
619 2314 632 2363 ,·
648 2309 739 2354 tomen
753 2309 810 2354 tem
824 2290 942 2353 euielens
956 2309 1063 2351 numen

95 2375 285 2458 stempestate
301 2374 491 2461 rebuslaffuit
504 2376 657 2452 Romanis,
680 2397 715 2439 ut
732 2398 839 2459 omnem
855 2376 1065 2463 negligentiam
1155 2388 1161 2395 '

28 2488 32 2513 ε
57 2461 155 2523 oliuini
176 2462 269 2524 aulius
291 2482 427 2525 enemtam
455 2460 620 2526 bominibus
647 2484 758 2547 putem.
803 2463 963 2525 Intuemini
984 2464 1064 2525 attint
1174 2525 1177 2536 ,

17 2596 29 2609 e
56 2544 163 2609 borum
178 2548 315 2631 alein'eeps
328 2570 470 2611 annorum
484 2548 679 2633 velseeuniius
695 2572 761 2628 res,
782 2549 829 2612 uel
841 2549 993 2635 atinensis:
1014 2552 1060 2612 in-

56 2638 179 2697 uenietis
200 2640 295 2696 omnia
312 2637 459 2719 prospere
479 2636 599 2718 ereniffe
606 2637 797 2721 sequentibus
814 2636 915 2711 Deos,
937 2634 1059 2719 adversi

29 2768 40 2779 ..
49 2720 269 2805 spernentibus.
300 2717 364 2785 Jam
378 2727 501 2784 emnium
512 2728 644 2805 primum
663 2722 694 2784 V
690 2725 767 2809 ejent
779 2722 882 2785 bellum
895 2724 917 2802 (
913 2744 971 2805 per
985 2740 1060 2807 qttot

10 2851 13 2857 -
54 2828 161 2877 annos,
181 2808 288 2891 quanto
305 2804 405 2870 labora
418 2806 526 2891 gestum
534 2811 565 2887 l)
587 2830 646 2872 non
663 2829 731 2871 ante
752 2813 832 2892 cepit
841 2805 947 2891 finem,
972 2828 1058 2892 qttent

54 2898 166 2955 inroitu
188 2893 320 2955 Deorum
332 2916 408 2976 aqua
424 2916 461 2955 ex
475 2894 539 2956 lacu
555 2895 663 2959 Albano
685 2897 775 2980 emiffo
791 2892 856 2971 estu
885 2893 969 2975 Quitl
989 2890 1058 2957 beet

52 2979 168 3043 tansltnt
182 2980 266 3042 urbis
282 2976 394 3057 nostrae
407 2980 504 3044 clatles
518 2984 615 3043 noua?
629 3002 697 3043 num
710 3002 778 3047 ante
789 3002 896 3049 exorta
908 2979 957 3060 ull,
971 3000 1057 3062 quant

49 3065 154 3148 spreto
168 3088 227 3129 non
242 3064 319 3128 coelo
335 3065 428 3149 entiffe
441 3066 477 3131 de
491 3066 618 3131 aduentu
635 3067 810 3131 Gallorum?
825 3090 910 3152 quam
924 3069 1057 3155 gentium

46 3151 101 3233 jus
124 3150 276 3238 ablegatis
298 3150 404 3230 nostris
418 3152 587 3227 'otolaumt
613 3176 697 3239 quom
716 3174 733 3218 a
750 3153 847 3229 nobis,
878 3175 943 3218 eum
960 3152 1057 3217 vindi·

53 3241 117 3295 oari
143 3237 275 3314 deberet,
312 3238 409 3300 eidem
433 3238 611 3326 negligentia
637 3241 770 3305 Deorum
797 3240 1066 3325 praetermiffumbe

56 3318 158 3406 Igitur
173 3327 246 3387 aisti
265 3329 405 3407 neptique
424 3346 457 3387 at
474 3328 598 3389 redemti
611 3348 722 3391 tantum
734 3349 894 3410 poenarum
912 3327 985 3391 Diis
1002 3324 1054 3389 lto·

39 3407 234 3491 -minibusque
251 3410 404 3488 dedimus,
424 3431 460 3473 ut
482 3430 633 3475 terrarum
654 3415 719 3477 orbi
738 3414 905 3477 tlotnmerta
924 3412 1051 3497 effeetus.
1107 3472 1113 3487 ,

52 3493 199 3578 Advorsae
217 3496 320 3559 deinde
339 3518 389 3558 res
402 3497 617 3563 admonuerunt
629 3501 812 3588 religionum.
858 3500 1065 3589 confligimus·

29 3620 34 3633 .-
51 3584 84 3641 in
103 3578 281 3663 Capitolium
295 3582 335 3645 ab
350 3582 445 3660 Deos,
466 3585 610 3671 elfelm
624 3584 708 3650 Iouis
729 3592 833 3669 optimi
849 3593 990 3663 menimis
1005 3593 1053 3669 fp-

52 3679 104 3731 eru
124 3671 156 3731 in
178 3672 266 3733 ruine
280 3681 386 3739 'terim
401 3670 567 3759 oesttprum
586 3673 646 3739 ulio
668 3694 771 3741 terret
790 3674 960 3756 televt'flflt,
992 3674 1053 3737 alie

570 3762 599 3823 U
619 3762 643 3841 4
833 3812 836 3818 .
953 3778 1054 3827 erasm
