2362 4148
51 256 57 265 ,
251 242 461 317 stu-(3435,
727 262 742 299 a
770 242 803 301 C.
823 240 951 309 N.316·
976 266 980 279 ¹

908 312 1103 335 Μ

97 320 921 449 m
942 360 979 419 in
1002 371 1104 439 opero

98 452 245 535 quispar
258 450 408 509 Romano
430 447 544 509 miles?
577 448 648 529 quis
671 446 712 507 ad
731 442 933 507 tolerandum
955 446 1104 505 laborem

79 608 82 613 ¹
97 535 237 599 melior?
282 534 358 597 Uno
372 534 495 617 proelio
510 532 611 595 victus
626 530 825 609 Alexander,
846 532 930 593 bello
946 530 1043 591 rictus
1058 522 1114 589 ›cs-³

100 622 157 685 set.
178 622 373 696 Romanum,
392 642 490 703 quem
504 617 670 699 Caudium,
692 641 786 702 quem
802 622 935 681 Canme
952 636 1021 705 non
1037 612 1102 675 sre-

101 716 232 793 gerun't,
264 726 346 789 quae
362 704 502 789 fregisset
523 707 629 769 acies?
672 708 743 770 Nae
764 709 820 769 ille
834 704 944 789 saepe,
982 696 1103 765 etiarnsi
1141 760 1145 771 ,

100 795 206 881 prima
221 792 373 879 prospere
388 791 579 868 evenissent,
603 794 716 869 Persas,
732 809 763 854 et
778 791 877 853 Indos
892 808 924 852 et
936 788 1103 851 imbellem

100 878 213 957 Mam,
223 876 396 963 quaesisset,
420 896 451 939 et
464 899 538 941 cum
554 877 685 944 seminia
702 878 760 943 sibi
775 880 893 941 bellum
910 868 1106 937 suissedixis·

101 964 164 1028 set:
185 963 271 1048 quod
283 966 377 1048 Epiri
389 986 496 1048 regem
511 963 754 1045 Alexandrum,
786 964 953 1027 mortifero
966 962 1112 1024 vulnero.

100 1052 210 1129 ictum,
233 1051 347 1115 dixisse
363 1050 484 1127 serunt,
507 1052 623 1115 sortem
638 1058 793 1116 bellorum
814 1050 931 1113 inAsia
945 1044 1106 1134 gestorum·

101 1141 144 1201 ab
167 1138 230 1200 hoc
252 1137 319 1223 ipso
337 1139 453 1221 juvene
474 1161 548 1199 cum
572 1139 626 1203 sua
649 1140 885 1203 conferentem.
931 1134 1113 1215 Equidem,¹

102 1246 176 1287 cum
198 1246 258 1308 per
279 1245 384 1287 annos
405 1240 541 1308 quatuor
562 1245 594 1288 et
617 1229 732 1313 viginti
753 1228 858 1312 primo
874 1224 1001 1288 'Punico
1020 1222 1105 1280 bello

104 1308 251 1373 cldssibuo
273 1327 428 1372 certatum
454 1333 527 1373 cum
550 1315 664 1377 Poenis
685 1315 856 1389 recordor,
894 1312 948 1374 vix
967 1323 1106 1369 aetatem

102 1395 284 1459 Alexandri
299 1396 501 1460 suffecturam
523 1397 615 1461 fuisse
636 1422 709 1464 reor
734 1400 776 1463 ad
795 1422 895 1461 unum
917 1399 1045 1458 bellurn.
1073 1406 1107 1453 et

104 1482 256 1561 forsitan,
284 1506 357 1546 cum
381 1504 411 1545 et
431 1484 614 1550 foederibus
636 1489 762 1553 vetustis
784 1489 893 1572 juncta
912 1485 1028 1545 Punica
1054 1496 1109 1539 rea

68 1598 72 1607 ·
103 1571 274 1633 Romanae
282 1569 369 1647 esset,
385 1588 417 1633 et
433 1575 529 1633 timor
543 1596 602 1657 par
613 1575 760 1639 adversus
768 1594 974 1637 communem
981 1567 1106 1631 hostem

104 1654 183 1719 duas
197 1656 426 1741 potentisfimas
439 1660 535 1721 armis
553 1662 691 1744 virisque
712 1666 805 1722 urbes
827 1675 983 1733 mutnet,
1012 1652 1107 1715 limus

105 1744 226 1806 Punico
246 1746 459 1824 Romanoque
481 1747 611 1808 obrutus
628 1750 712 1809 bello
735 1746 821 1807 esset.
874 1748 951 1808 Non
974 1741 1107 1827 quidem

72 1904 82 1913 ,Ι
104 1825 294 1898 Alexandro
310 1827 409 1903 duce,
437 1849 500 1889 nec
518 1832 649 1914 integris
673 1832 888 1895 Macedonum
912 1834 1026 1905 rebus,
1049 1826 1106 1889 scd
1158 1884 1162 1895 ,

104 1915 229 1997 experti
246 1929 354 1975 tamen
369 1912 442 1975 sunt
452 1917 589 1979 Romani
600 1919 810 1980 Macedonem
823 1918 945 1979 hostem
954 1912 1107 1999 adterstn

105 1998 323 2075 Antiochum,
346 2000 545 2085 Philippum,
575 2005 706 2083 Persen,
728 2027 801 2067 non
814 2004 912 2067 modo
924 2023 995 2064 cum
1012 1999 1106 2064 clade

106 2088 189 2162 ulla,
213 2084 269 2146 sed
285 2106 330 2147 ne
351 2108 424 2148 oum
447 2092 588 2172 periculo
610 2092 740 2175 quidem
756 2091 822 2155 suo.
873 2090 963 2152 Absit
981 2088 1107 2151 invidia

106 2180 223 2249 verbo,
244 2188 277 2234 et
290 2173 394 2235 civilia
407 2178 488 2237 bella
502 2176 632 2256 sileant,
649 2200 817 2260 nunquam
832 2181 871 2240 ab
887 2178 991 2259 equite
1006 2173 1106 2251 hoste,

106 2279 277 2340 nunquam
292 2281 310 2320 a
324 2260 442 2343 pedite,
458 2283 629 2345 nunquam
645 2283 756 2349 aperta
772 2268 849 2343 acie,
870 2283 1039 2347 nunquam
1054 2280 1107 2323 ae·

60 2356 67 2371 ‘
107 2347 193 2431 quis,
216 2346 323 2428 utique
338 2368 505 2433 nunquam
520 2349 637 2413 nostris
652 2354 729 2414 locis
743 2354 965 2431 laboravimus.
989 2386 993 2393 -
1010 2347 1122 2431 Equi··

108 2448 188 2509 tem,
211 2431 350 2514 sagittas,
380 2432 473 2496 saltus
492 2436 681 2519 impeditos,
711 2441 782 2501 avia
797 2437 1024 2500 commeatibus
1038 2436 1126 2495 loca·

86 2519 210 2605 ,gravis
224 2519 319 2580 armis
334 2520 425 2583 milet
441 2522 552 2596 timere
564 2523 673 2608 potest.
718 2527 807 2587 Mille
824 2528 925 2601 acies,
946 2523 1109 2607 graviores

55 2624 59 2629 ·
109 2626 204 2689 quam
216 2604 431 2667 tlsacedonum
444 2624 536 2691 atque
550 2608 743 2683 Alexandri,
767 2616 890 2690 avertit,
907 2623 1125 2692 avertetqueg.

55 2728 60 2737 ·
109 2690 256 2753 modofit
270 2710 440 2777 perpetuus
457 2694 568 2777 hujus,
605 2719 668 2783 qut
681 2699 837 2779 risimus,
870 2700 958 2783 pacis
971 2716 1060 2759 amor
1075 2711 1116 2759 et·

109 2777 213 2841 civilis
224 2798 300 2839 cura
314 2778 529 2845 concordiae..
890 2808 896 2825 ,

153 3024 156 3034 ,
205 2955 281 3017 XX.
324 2952 394 3019 *ils
417 2956 537 3023 Foslius
552 2959 752 3026 Flaccinator
771 2960 851 3031 inde
874 2978 907 3024 et
921 2963 956 3025 L.
972 2956 1109 3023 Plautius

59 3092 64 3101 .
110 3043 232 3123 Venno
248 3041 487 3105 consuleasacti.
499 3092 513 3129 ·.
531 3044 579 3107 Eo
595 3068 685 3110 anno
701 3054 740 3111 ab
755 3047 977 3133 frequentibus
985 3042 1138 3108 samni···

54 3136 62 3153 '
111 3122 192 3191 tium
206 3129 330 3213 populis
348 3127 532 3195 descederc
547 3135 736 3199 morando
748 3136 854 3220 legati,
876 3154 948 3195 oum
963 3132 1110 3192 senatum

54 3276 61 3283 ,
111 3213 207 3300 humi
216 3213 304 3276 strati
321 3214 499 3292 movissent,
516 3220 624 3301 rejecti
638 3222 680 3283 ad
694 3224 847 3309 populum
862 3218 1121 3300 haudquaquam·

85 3370 99 3380 ἱ
112 3314 178 3359 tam
197 3297 340 3362 efficaces
356 3301 519 3365 habebant
531 3326 651 3388 precer.
696 3312 814 3389 ltaque,
837 3304 967 3369 foedere
981 3317 1110 3387 negato,

67 3426 72 3435 -
111 3383 263 3459 induciae
280 3388 417 3467 biennii,
437 3409 510 3451 cum
524 3412 585 3475 per
600 3395 719 3476 aliquot
731 3393 800 3455 dies
816 3390 995 3476 fatigassent
1007 3388 1111 3473 singu·

111 3472 161 3533 los
174 3472 332 3555 precibus,
353 3475 548 3559 impetratae.
571 3476 613 3540 Et
625 3479 709 3543 exA
733 3481 796 3541 ulia
808 3476 992 3541 Teanenses
1007 3479 1112 3540 canu.

112 3555 238 3643 linique
253 3581 296 3643 po
318 3562 509 3625 ulationibus
523 3560 610 3643 sessi,
632 3570 674 3629 ob
721 3568 790 3628 'bos
805 3568 839 3629 Β
855 3566 973 3628 Plautio
986 3561 1116 3625 consuli·

113 3640 214 3727 datis,
235 3646 274 3713 in
353 3648 673 3723 ’‘onemreuetunt.
700 3652 951 3719 iteam-mo
966 3651 1126 3741 paimum
1143 3680 1168 3691 ··

55 3766 58 3771 ·
1022 3753 1113 3825 prae·
