2362 4148
101 44 169 116 558
339 39 554 101 LIBER
595 39 635 101 X.
697 38 894 113 canisii.
992 58 1018 109 .·

101 268 208 339 sedens
220 266 399 351 pectoribus
413 285 431 325 a
445 262 519 350 suga
531 267 695 328 retineret.
725 269 853 352 Quippe
868 272 906 331 in
920 272 1021 334 oculis
1035 290 1113 339 erat

103 358 210 425 omnis
224 357 279 417 iile
293 352 406 414 occulti
421 368 548 435 paratus
561 351 654 429 sacri,
680 368 712 415 et
727 358 843 417 armati
856 352 1049 437 sacerdotes,
1074 374 1113 424 et

127 440 282 508 romiscua
303 439 472 501 hominum
494 439 715 523 pecudumque
731 440 863 527 strages,
893 460 926 506 et
944 444 1113 529 respersae

102 468 206 599 sendo
221 524 432 608 nefandoque
441 525 598 611 sanprine
611 548 700 605 arae,
719 543 751 589 et
765 527 835 590 dita
849 529 1043 619 exsecratio,
1058 552 1112 597 ἓιιο

1164 33 1173 89 i

103 618 219 683 suriale
237 618 387 689 carmen,
410 611 615 676 detestandae
630 612 771 677 familiae
785 615 935 701 stirpique
950 606 1114 703 compotis
1167 648 1170 655 ·

102 724 181 771 tum.
215 700 275 785 ,his
295 701 432 763 vinculis
447 699 539 784 fugae
554 700 694 763 obstricti
711 700 849 793 stabqnt,
870 706 974 769 ciram
992 707 1109 791 magia,

101 814 200 880 quem
211 788 343 865 bostem,
362 788 521 849 timn'ttes.
550 786 675 859 Instare
689 788 855 852 Romanus
867 811 887 853 a
901 811 1005 853 cornu
1018 792 1109 855 utro-

8 882 12 891 '
70 886 86 911 ³
101 892 174 967 que,
197 899 216 939 a
230 874 338 937 media
352 875 436 952 acie,
459 890 490 935 et
502 874 637 938 caedere
651 874 800 938 Deorum
811 874 1046 962 hominumque
1059 894 1109 940 et·

101 969 220 1031 tonitos
234 978 329 1025 metu.
357 977 554 1046 repugnatur
566 958 715 1046 seguiter,
735 980 770 1024 ut
785 966 825 1024 ab
838 964 900 1045 iis,
913 984 992 1049 quoa
1006 966 1113 1027 timor·
1134 978 1138 985 “

99 1068 281 1117 moraretur
295 1070 314 1110 a
326 1046 410 1131 fuga.
453 1048 523 1109 Jam
540 1070 641 1133 prope
657 1049 699 1111 ad
713 1048 801 1134 srgua
816 1049 929 1115 caedes
944 1072 1106 1136 pervene-

100 1151 167 1217 rat,
196 1160 268 1201 cum
291 1158 333 1199 ex
350 1135 533 1199 transuerso
553 1137 671 1218 puivis,
695 1138 782 1199 velut
802 1138 943 1221 ingentis
965 1140 1110 1223 agminia·

31 1300 35 1309 ,
99 1226 224 1293 incessu
240 1239 352 1296 motus,
367 1222 527 1306 apparuit.
552 1222 604 1306 Sp.
620 1223 753 1285 Nautius
769 1225 952 1299 (Octauium
966 1226 1106 1297 blesium
1122 1290 1125 1295 Ι

78 1372 81 1383 .
99 1313 234 1401 quidam
248 1333 322 1373 eum
337 1308 489 1384 tradunt)
510 1306 576 1369 du‘x
591 1310 728 1371 alaribus
740 1310 922 1373 cohortibus
935 1328 1013 1397 erat.
1031 1312 1106 1397 pul.
1138 1308 1157 1363 '.

99 1406 210 1467 ierem
230 1399 402 1481 majorem,
426 1415 521 1477 quam
542 1416 602 1476 pru
622 1416 776 1475 numero,
802 1399 999 1459 excitabant:
1025 1396 1108 1461 inb·

99 1488 214 1553 dentes
229 1486 323 1546 inuiis
337 1482 466 1542 calones
480 1478 648 1543 frondosos
664 1484 768 1549 ramos
784 1506 844 1567 per
858 1501 977 1553 terram
996 1484 1105 1552 trube·¹
1136 1522 1140 1526 -

99 1579 195 1640 bant:
216 1591 303 1633 arma
318 1566 466 1650 signaque
479 1588 539 1651 per
548 1568 710 1631 turbidam
724 1572 828 1633 iucem
840 1573 878 1633 in
888 1574 995 1657 primo
1004 1573 1107 1655 appa-'
1148 1572 1151 1577 ’

97 1665 232 1725 rebant:
256 1654 325 1742 post
342 1654 438 1715 'asdor
461 1653 652 1737 densorque
674 1659 778 1741 pultis
801 1659 940 1741 equiturn
961 1658 1104 1741 speciem

98 1748 281 1833 cogentium
293 1762 410 1825 agmen
423 1739 526 1803 dabat.
541 1720 729 1827 Feseslitqss
741 1764 813 1805 non
822 1746 979 1809 Samnites
990 1742 1109 1845 modo,-
1152 1778 1157 1789 ·

97 1835 155 1899 sed
176 1836 269 1895 etiam
287 1832 470 1892 Romanos:
495 1844 527 1889 et
545 1824 656 1890 consul
669 1828 840 1894 affirmarit
856 1853 1015 1908 errorem,
1038 1832 1100 1893 cla·

96 1920 218 1988 mitans'
230 1923 318 1981 inter
332 1917 436 2000 prima
449 1914 554 1998 signa,
575 1917 620 1977 ita
634 1934 670 1978 ut
685 1939 747 1981 vox
765 1919 859 1995 etiam
875 1916 917 1978 ad
929 1916 1034 1979 hostes
1048 1920 1106 2015 ecs

98 2008 236 2084 rideret,
264 2021 381 2088 captam
400 1998 579 2079 Caniniam,
605 2006 747 2066 uictorem
762 2002 896 2099 cotegna
911 2000 1020 2086 adesse:
1044 2022 1102 2065 aa·
1147 2026 1153 2047 ι

96 2101 269 2161 niterentur
285 2095 401 2151 uincere
416 2092 516 2172 prius,
532 2108 615 2171 quant
630 2089 731 2175 gioria
743 2088 865 2153 asserius
880 2095 1028 2151 exercitas
1039 2086 1099 2171 fir·

97 2202 155 2247 m.
179 2185 264 2243 Haec
277 2175 420 2239 insidens
434 2197 527 2259 equo.
547 2175 626 2239 inde
639 2178 777 2240 tribunis
790 2177 1099 2260 centurionibusque

96 2272 252 2355 imperat,
278 2281 313 2326 ut
329 2264 413 2325 viam
427 2263 583 2347 equitibus
597 2262 802 2347 patefaciant.
845 2263 916 2348 Ipse
929 2264 1107 2329 Trebonio
1139 2298 1143 2303 ·

14 2399 16 2404 ¹
97 2356 307 2436 Caedicioque
321 2348 539 2434 praedixerat,
567 2367 619 2428 ut,
647 2352 702 2413 ubi
719 2350 756 2413 se
778 2350 939 2435 cuspidem
956 2354 1107 2413 erectam‘

96 2446 294 2531 quatientem
309 2434 475 2509 vidissent,
496 2454 616 2519 quanta
627 2439 767 2499 maxima
781 2438 813 2499 ri
828 2436 964 2520 possent,
989 2436 1108 2497 conci·'

95 2547 204 2601 tarent
220 2527 339 2610 equites
354 2525 392 2585 in
406 2522 538 2583 hostem.
566 2522 619 2583 Ad
632 2540 746 2583 nutum
761 2525 887 2598 omnia,
912 2536 950 2581 ut
962 2542 1003 2582 ax
1017 2538 1103 2597 anto,

93 2629 295 2707 praeparato,
311 2610 401 2670 fiunt
421 2607 609 2693 panduntur
623 2610 709 2669 inter
722 2607 854 2671 ordines
870 2609 955 2671 riae:
980 2630 1097 2692 proro-

95 2710 141 2775 lat
159 2702 270 2786 eqbes,
295 2712 389 2779 atque
406 2690 530 2755 infestis
549 2693 729 2779 cuspidibus
752 2695 790 2757 in
810 2694 954 2757 medium
977 2702 1106 2778 agmen*

70 2784 322 2861 ‘hostiumruit3
339 2781 581 2866 perrumpitque
588 2781 730 2858 ordines,
741 2801 929 2865 quacunque
937 2782 1107 2865 impetum*

94 2878 194 2945 dedit.
216 2871 339 2937 instant
346 2869 537 2933 Volumnius
547 2884 578 2929 et
586 2869 701 2953 Scipio,
718 2885 751 2929 et
761 2868 920 2952 percussos
933 2866 1104 2933 sternunt.¹

93 2970 197 3040 Tum,
225 2962 290 3045 jam
309 2954 456 3018 Deorum
475 2954 708 3039 hominumque
733 2956 815 3017 uicta
837 2957 887 3032 vi,
910 2952 1095 3017 funduntur
1158 3010 1162 3018 .

93 3056 247 3130 linteatae
255 3043 416 3107 cohortes:
437 3043 559 3126 pariter
571 3043 665 3127 jurati
675 3043 866 3125 iniuratique
879 3039 1014 3126 fugnunt,
1028 3062 1094 3103 nec

94 3156 295 3231 quenquam,
317 3146 444 3215 praeter
462 3128 583 3207 hostes,
603 3144 759 3190 metuunt.
803 3127 946 3191 Peditum
964 3122 1104 3213 agnuam

93 3224 180 3383 md
194 3218 348 3307 superfuit
362 3237 499 3302 pugnae,
513 3216 551 3279 in
566 3216 665 3279 castra
677 3214 718 3277 ad
732 3213 938 3298 Aquiloniam
951 3216 1096 3299 compul.
1142 3262 1145 3267 .

191 3308 244 3375 ast.
275 3306 426 3367 nobilitas
456 3304 637 3387 equitesque
656 3303 835 3365 Bovianum
863 3300 1102 3386 persttgemute·
1175 3374 1179 3379 Ι

35 3450 38 3457 .
94 3402 217 3489 equites
232 3412 328 3478 eques
344 3391 500 3475 sequitur,
525 3389 667 3475 peditem
684 3388 800 3473 pedest
826 3408 864 3449 ec
880 3387 1005 3452 diversa
1025 3410 1096 3451 cor·

93 3496 176 3569 eiua,
198 3482 348 3547 dextrum
369 3477 411 3539 ad
427 3476 525 3539 castra
541 3478 748 3554 Samnitium,
770 3478 896 3538 laevum
916 3474 958 3536 ad
978 3478 1096 3539 urbem

94 3573 210 3645 tandit.
222 3568 311 3635 Prior
322 3566 486 3652 aliquanta
493 3566 684 3634 Volumnius
693 3563 910 3657 castracepist
925 3558 1094 3714 ιὰιιιιιεοέι
1127 3590 1142 3647 '.
