2362 4148
41 39 193 55 p*-

158 160 162 167 “
269 166 429 237 ιιιιῑιι
455 168 544 229 νιιι.
594 162 901 241 οιωιιιιιιι.Ι
1016 166 1085 243 425

80 256 489 383 ΠὯᾟ
707 295 735 333 ιι.
751 276 785 335 C.
801 276 843 336 N.
861 248 1083 355 33?-

80 406 144 475 vit,
170 398 237 482 ipse
251 416 375 479 quoque
390 393 546 475 triumphi
568 412 644 454 ante
663 398 826 459 uictoriam
843 398 997 482 flagitator
1022 404 1084 462 tto.

80 510 173 553 mam
188 484 294 547 rediit.
336 483 408 563 Qua
424 479 596 564 cupiditate
613 481 744 546 oflenfis
759 487 918 562 Patribus,
940 488 1086 571 neganti·

81 579 225 656 busque,
255 568 317 631 niti
331 568 417 630 Pedo
429 584 521 650 capto
535 584 588 629 aut
604 568 730 645 dedito,
760 572 978 655 triumphum,
1007 575 1089 634 binc
1152 610 1156 619 =

84 665 243 725 alienatus
258 660 298 717 ab
316 655 426 717 senatu
441 654 599 717 Aemilius
613 654 762 720 seditiolis
779 661 992 721 tribunatibus
1006 660 1088 722 finti·

86 740 496 817 lem-deindeconlulatum
510 741 607 824 geffit.
651 744 736 805 Nam
749 768 874 827 neque,
904 745 1008 827 quoad
1028 745 1090 807 luit

85 833 221 907 consul,
232 831 402 893 criminari
419 828 505 912 apud
520 832 673 915 populum
691 835 796 896 llutres
812 832 946 909 destitit,
968 836 1091 916 collega

84 920 330 1002 haudquaquam
346 915 547 992 aduersante,
561 920 634 997 quia
642 936 674 981 et
683 919 749 1004 ipse
757 919 798 985 de
806 922 899 1003 plebe
915 935 996 979 erat:
1010 922 1091 995 (ma-

82 1010 197 1073 teriam
211 1022 318 1065 autem
332 1006 506 1087 praebebat
517 1006 708 1068 criminibus
721 1028 795 1090 ager
809 1007 845 1067 in
861 1007 974 1067 Latino
987 1007 1091 1067 Faler-

84 1112 284 1177 noque-agro
296 1092 439 1173 maligne
455 1092 562 1171 plebei
576 1091 709 1169 divisus)
723 1112 765 1171 et,
780 1093 943 1178 poltqttatn
953 1092 1090 1169 senatus,

84 1184 182 1253 finire
198 1180 372 1261 imperium
386 1177 567 1239 consulibus
589 1181 739 1259 cupiens,
770 1182 957 1243 dictatorem
980 1179 1092 1241 adver·

84 1270 137 1345 sps
152 1266 347 1328 rebellantes
361 1266 490 1327 Latinos
511 1265 576 1327 dic:
594 1264 695 1349 jullit,
717 1266 892 1345 Aemilius,
915 1267 1002 1350 eujus
1023 1283 1093 1325 turn

87 1356 189 1423 falces
204 1367 317 1427 eraut,
340 1352 491 1437 collegam
509 1352 699 1415 dictatorem
713 1356 811 1418 dixit:
836 1356 929 1415 abeo
946 1353 1093 1437 magister

88 1444 234 1528 equitum
246 1438 361 1501 lunius
375 1438 491 1501 Brutus
507 1438 619 1502 dictus.
669 1440 837 1504 Dictatore
856 1444 1037 1526 populerit,
1061 1455 1094 1499 et

89 1527 290 1595 orationibus
305 1526 344 1587 in
358 1527 464 1587 Patres
477 1527 674 1603 criminosis,
695 1528 767 1607 luit,
783 1546 814 1591 et
828 1527 915 1610 quod
930 1543 994 1589 tres
1009 1528 1104 1613 leger.

88 1611 330 1689 secundilbmas
344 1611 460 1693 plebei,
477 1613 622 1677 adversas
639 1619 809 1693 nobilitati,
825 1618 912 1676 tulit:
933 1636 1044 1689 unam,
1061 1627 1096 1673 ut

89 1702 255 1792 plebiscita
269 1718 384 1759 omnes
398 1698 540 1776 Quirites
556 1718 725 1763 tenerent:
746 1706 895 1776 alteram,
927 1718 962 1761 ut
976 1703 1095 1784 legum,

94 1808 177 1876 quue
187 1785 325 1853 comitiis
338 1786 524 1847 centuriatis
540 1785 722 1865 ferrentur,
751 1807 827 1850 ante
846 1789 963 1848 initum
986 1787 1097 1862 suflra-
1124 1824 1128 1835 ·

94 1880 183 1961 gium
204 1876 309 1935 Patres
333 1888 477 1932 auctores
498 1872 631 1935 berentt
657 1875 802 1951 tertiam,
832 1890 866 1933 ut
883 1876 965 1933 alter
986 1877 1096 1957 utique

49 1998 54 2005 ·
97 1984 140 2027 ex
152 1962 264 2049 plebe,
292 1980 368 2019 cum
390 1979 430 2019 ec
448 1976 581 2019 ventum
601 1952 655 2038 st,
677 1974 720 2027 tut
743 1979 912 2042 utrumque
934 1962 1099 2045 plebeium

95 2044 343 2115 confulemlieri
361 2044 490 2121 liceret,
518 2044 634 2108 censor
646 2065 818 2109 crearetur.
862 2048 934 2109 Plus
948 2068 986 2107 eo
1007 2068 1099 2107 enno

75 2136 184 2201 dorni
198 2148 364 2215 acceptum
376 2129 476 2192 cladis
487 2136 527 2193 ab
540 2134 722 2196 consulibus
738 2156 774 2194 ac
795 2133 969 2208 dictatore,
1000 2154 1098 2214 quarn

67 2224 70 2231 ’
93 2248 137 2290 ex
149 2221 283 2289 uictoria
297 2240 410 2281 eorum
434 2219 616 2304 bellicisque
633 2223 729 2281 rebus
748 2218 828 2282 loris
844 2238 976 2281 auctum
999 2221 1098 2303 impe·

92 2317 208 2388 tium,
227 2310 332 2369 Patres
345 2303 531 2383 credebaut.

207 2396 294 2459 xlll.
336 2390 459 2454 *Anno
473 2391 676 2474 insequenti,
709 2393 744 2453 L.
762 2393 858 2454 Furio
872 2392 1027 2467 Camillo,
1062 2391 1098 2451 C.

93 2484 228 2553 Maenio
239 2478 440 2555 consulibus,
471 2501 532 2562 quo
551 2478 731 2561 infiguitius
752 2479 864 2541 omissa
885 2499 935 2540 res
950 2478 1100 2554 Aemilio,

93 2570 267 2657 [aperioris
281 2568 364 2629 anni
379 2565 512 2644 conluli,
535 2568 793 2649 exprobraretur,
813 2563 932 2627 Pedum
946 2566 1043 2627 armis
1057 2564 1101 2626 ti·

93 2664 203 2743 trisque
216 2673 250 2719 et
262 2654 395 2717 omni-vi
409 2652 663 2739 expugnandum
676 2672 714 2712 ac
722 2650 897 2715 delendum
906 2653 1031 2714 senatus
1039 2650 1102 2711 fre·

95 2750 176 2821 mit·,
197 2744 361 2825 coactique
377 2744 456 2803 novi
471 2740 617 2803 consules
629 2739 778 2801 omnibus
791 2762 861 2799 eam
877 2762 947 2801 rem
955 2760 1104 2821 praeuer-

41 2826 45 2853 '
96 2837 140 2911 ti,
161 2828 414 2914 proficiscuntur.
459 2831 529 2891 ,lam
544 2829 633 2889 Latio
654 2828 681 2888 is
704 2824 799 2909 [tatus
816 2843 884 2888 erat
905 2849 1030 2902 rerum,
1066 2840 1103 2883 ut

97 2940 207 3003 neque
226 2917 343 2977 bellum
358 2935 467 2995 neque
482 2936 593 2997 pacem
600 2914 669 2997 pati
680 2910 816 2995 pollent.
842 2913 880 2974 td
898 2914 1015 2974 bellum
1026 2927 1103 2990 oper

97 3007 256 3069 deerant:
276 3021 390 3086 pacem
405 3002 446 3060 ob
460 3003 526 3084 agri
535 3001 654 3062 ademti
662 2999 805 3062 dolorem
815 2999 1103 3082 adspernabantur.

97 3095 216 3160 Mediis
232 3087 372 3151 confiliis
388 3084 536 3147 standum
551 3086 735 3163 videbatur,
765 3103 800 3149 ut
815 3086 940 3171 oppidis
962 3086 992 3145 le
1014 3100 1105 3144 tene·

98 3196 194 3253 ront·,
222 3172 434 3237 nelaceffitus
448 3174 615 3237 Romanus
633 3171 758 3237 mulum
780 3176 857 3236 belli
880 3175 1029 3233 haberet:
1058 3183 1102 3243 et,

99 3262 228 3344 ficujut
242 3259 355 3343 oppidi
369 3256 489 3323 obsidio
502 3262 651 3321 nuntiate
665 3258 758 3336 ellet,
786 3260 930 3339 undique
943 3280 985 3319 ex
1000 3253 1119 3317 omnin
1134 3294 1140 3339 ¹.

101 3352 162 3411 bus
175 3346 312 3428 populis·
324 3346 478 3407 auxilium
490 3344 626 3409 oblelfis
646 3346 794 3407 ferremr.
848 3346 963 3425 Neque
983 3360 1106 3421 tamen,
1153 3406 1156 3413 ,

100 3433 163 3499 nili
180 3430 356 3507 admodum
370 3454 390 3493 a
404 3434 512 3515 paucis
525 3433 665 3517 populis,
688 3431 809 3494 Pedani
824 3430 924 3531 adjuti
937 3429 1020 3492 lunt
1051 3432 1108 3493 Τί·
1133 3510 1137 3515 ι
1156 3496 1160 3501 ,

102 3525 213 3586 burres
229 3517 506 3602 Praenestinique,
543 3542 680 3604 quorum
694 3539 768 3602 ager
780 3534 913 3600 proptor
928 3534 1035 3597 erat,=
1052 3524 1107 3585 Pei
1155 3537 1181 3553 ·’

41 3608 46 3621 “
87 3611 180 3673 dum
193 3624 385 3690 pertenere.
405 3606 786 3689 AricinosLanuuiosque
800 3604 1004 3667 etVelitern'
1130 3602 1134 3609 ’

102 3690 405 3764 rictibusVollcisle
420 3695 673 3847 ςοιιῇιιιιςειιῧιᾶ
693 3689 878 3767 adAlrurae
