2362 4148
328 200 516 262 arnan
543 204 580 262 x.
626 202 852 264 ctu-uvi.
1033 176 1097 269 ti·-

236 303 357 368 *U.'C.
374 304 448 375 luia.
715 328 734 365 a
760 309 794 368 C.
813 309 851 367 N.
868 312 943 385 3⁰⁰5

83 429 173 510 quiea
191 426 263 487 date
279 425 332 487 cst.
377 427 495 511 integri
511 447 665 507 accepere
688 448 845 510 pugnam:
876 448 941 489 nec
966 445 1004 485 ea
1024 417 1092 502 ipsa

82 515 197 596 longa,
220 529 274 573 aut
289 532 409 595 anceps
423 512 493 575 fuit.
536 513 607 573 Fufi
622 512 725 575 hoster
738 512 836 574 castra
851 526 1018 597 repetunt,
1039 510 1090 593 inj

82 599 327 682 ferentibusque
342 601 405 681 jam
420 598 507 682 ligna
522 600 679 661 Romania
692 599 828 675 cedunt,
851 617 881 662 et
894 601 931 661 in
945 597 1091 685 ultimant

81 685 255 748 castrorum
282 704 407 768 partem
424 688 669 768 conglobantur.
714 688 857 748 Haerent
872 684 1031 770 fugientes
1052 682 1098 742 in¹

81 771 230 856 angustiis
241 789 422 855 portarumt
438 794 512 856 pars
527 794 645 857 magna
658 794 805 858 aggerem
812 774 996 854 vallumque
1011 764 1087 829 con·

80 859 257 934 scendunt,
282 858 306 918 li
320 874 372 919 aut
388 881 429 921 ex
444 859 606 943 superiore
619 862 689 921 loco
705 862 788 941 tueri
803 859 851 935 se,
867 876 921 919 aut
935 857 1086 940 superare

81 949 187 1030 aliqua
203 963 234 1008 et
249 944 386 1008 evadere
400 944 539 1029 possent.
560 950 655 1008 Forte
670 946 806 1030 quodam
823 949 892 1007 loco
906 944 990 1009 male
1003 942 1086 1002 den·

72 1033 162 1113 ,latus
180 1038 275 1116 ag'ger
287 1031 434 1115 pondere
454 1031 700 1117 superstantium
713 1036 751 1095 in
766 1031 877 1095 fossam
897 1028 1084 1118 procubuit:

79 1138 174 1202 atque
191 1141 228 1181 ea
243 1140 318 1179 cum
331 1118 422 1181 Deos
443 1119 589 1203 pandere
605 1121 692 1184 viam
707 1119 799 1205 fugae
818 1115 1084 1186 conclamassent,

78 1210 186 1292 plnres
208 1208 369 1285 inermes,
396 1227 492 1289 quam
512 1208 643 1285 armati,
674 1207 827 1274 evadunt.
871 1209 940 1275 Hoc
959 1202 1085 1287 p'roalio

79 1295 197 1355 fractae
211 1295 328 1354 iterum
336 1293 541 1355 Etruscorum
551 1296 650 1358 vires:
674 1310 716 1373 et,
732 1311 831 1379 pacto·
840 1315 952 1377 annuo
963 1288 1084 1373 stipen-

81 1381 152 1450 dio,
190 1395 221 1440 et
236 1376 334 1440 duum
354 1380 509 1444 mensium
525 1380 707 1458 fntmento,
729 1381 972 1465 permissum'ab
987 1376 1099 1440 dicta·¹

78 1484 158 1542 tore,
179 1480 214 1527 ut
226 1464 269 1527 de
283 1487 362 1549 pace
374 1467 492 1550 legatos
508 1470 673 1531 mitterent
683 1471 830 1530 Romam.
871 1471 935 1529 Pax
947 1479 1083 1553 negata:

51 1590 55 1597 -
78 1553 228 1615 induciae
254 1554 379 1616 biennii
400 1555 501 1616 datae.
529 1554 663 1617 dictator
687 1555 948 1640 triumphantia,
965 1553 1082 1612 urbem

77 1639 192 1701 rediit..
210 1642 322 1703 Habeo
334 1657 488 1718 auctores,
509 1641 578 1703 line
593 1645 660 1703 ullo
674 1642 877 1718 memorabili
890 1634 1014 1725 proelio
1027 1655 1082 1720 pa·
1128 1716 1130 1725 Ι

76 1745 178 1788 catam
205 1729 245 1787 ab
261 1725 414 1791 dictatore
430 1728 593 1788 Etruriam
615 1728 696 1804 csse,
726 1729 932 1794 seditionibus
955 1742 1082 1788 tantum
1146 1742 1149 1747 ’

75 1813 303 1877 Arretinorum
320 1813 514 1897 compositis,
545 1830 576 1874 et
590 1815 697 1875 Cilnio
710 1836 829 1898 genere
846 1837 919 1876 cum
934 1815 1029 1898 plebe
1042 1810 1081 1871 in
1122 1876 1125 1883 ,

75 1902 208 1985 gratiam
222 1900 361 1964 reducto.
391 1899 509 1962 Consul
528 1921 569 1961 ex
584 1900 739 1965 dictatura
754 1900 853 1962 factus
868 1904 912 1962 Μ.
922 1899 1079 1964 valeriae
1144 1948 1147 1957 .

77 2009 148 2048 non
170 2002 354 2070 petentem,
387 2005 480 2072 atque
502 1985 582 2049 adeo
606 1987 906 2062 etiamablentem,
939 2000 1084 2047 creatum

77 2074 246 2136 credidere
263 2073 411 2158 quidam;
437 2092 549 2159 etper
568 2077 766 2158 interregem
786 2096 823 2139 ea
837 2072 967 2134 comitia
988 2069 1080 2131 facta.

55 2210 59 2217 .
75 2161 110 2309 id
125 2182 227 2308 millii
242 2183 314 2224 non
326 2163 513 2246 ambigitur,
534 2161 730 2225 consulatum
745 2184 819 2225 cum
832 2149 993 2246 Appuleio
1001 2160 1083 2219 Pan·

92 2271 109 2308 a
141 2271 158 2309 e
223 2270 250 2309 e.
585 2269 591 2277 ·

120 2270 139 2333 g
177 2337 230 2399 Vl.
273 2335 342 2399 *M.
357 2336 486 2398 Valerio
501 2351 532 2397 et
547 2337 586 2415 Q.
602 2333 972 2422 Appulejoconlulibus,
1006 2328 1079 2391 satia
1111 2376 1113 2385 .

75 2436 205 2505 pacatae
226 2419 304 2485 ioris
324 2444 376 2484 res
392 2421 493 2484 fuere.
543 2422 712 2484 Etruscum
732 2420 864 2486 adversa
880 2421 958 2484 b‘elli
977 2438 1030 2479 res
1047 2428 1081 2477 et
1144 2474 1147 2479 ⁴

75 2507 225 2571 induciae
239 2511 381 2593 quietum
395 2512 566 2571 tenebant:
585 2511 774 2587 Samnitem,
788 2511 961 2587 multorum
976 2521 1080 2566 anno·
1095 2538 1099 2549 ·

74 2619 147 2656 tutu
158 2596 301 2659 cladibus
321 2596 496 2672 domitum,
525 2595 613 2658 haud
628 2596 706 2659 dum
721 2595 859 2659 foederis
874 2588 1079 2678 novipoeni·

76 2691 171 2745 tebat.
195 2687 319 2746 Romae
333 2682 592 2768 quoqueplebem
608 2686 746 2767 quietam
762 2700 794 2745 et
802 2698 1010 2745 exoneratam
1024 2675 1079 2739 tla-

73 2773 168 2833 ducta
185 2772 222 2831 in
237 2773 379 2833 colonias
394 2769 562 2832 multitudo
575 2770 763 2855 praetonat.
786 2786 908 2847 umen,
919 2788 969 2829 ne
984 2762 1080 2826 undi·
1154 2834 1157 2855 Ι

74 2881 136 2941 que
151 2859 345 2938 tranquillae
358 2880 412 2919 res
425 2856 538 2934 essent,
561 2856 727 2920 certamen
743 2857 898 2942 injectum
912 2856 1000 2917 inter
1015 2844 1081 2934 pri·

74 2965 181 3007 anoret
196 2944 347 3019 civitatis,
364 2946 513 3027 patricios
528 2947 742 3028 plebejosque,
766 2947 806 3005 ab
822 2942 961 3011 tribunis
975 2934 1081 3023 plebi!

76 3037 158 3112 Q.·et
166 3034 225 3093 Cn.
236 3031 402 3113 Ogulniis.··
411 3031 483 3112 qui,
498 3030 643 3113 undique
655 3030 943 3099 criminandorum,
950 3028 1080 3086 Petrum
1121 3076 1125 3083 .
1142 3046 1145 3051 ·

75 3118 161 3203 apud
181 3120 309 3201 plebem
331 3118 545 3181 occalionibus
568 3117 731 3201 quaelitis,
760 3115 928 3202 postquam
939 3113 1001 3174 alia
1014 3108 1080 3171 fru-

74 3208 134 3267 stra
151 3221 272 3266 tentata
286 3220 398 3280 erant,
422 3225 493 3265 eam
508 3205 667 3266 actionem
683 3202 907 3291 susceperunt,
928 3219 992 3284 qua
1005 3214 1077 3282 uon

73 3293 218 3354 infimam
228 3283 355 3373 plebem
372 3288 599 3367 accenderent,
616 3289 671 3353 led
680 3290 747 3382 ipsa
759 3293 861 3377 capita
870 3288 984 3375 plebis,
999 3300 1077 3346 cott-

72 3378 190 3439 solares
197 3378 469 3462 triumphalesque
478 3380 638 3461 plebeios:
652 3382 786 3461 quorum
796 3370 1079 3448 honoributnihila

73 3481 201 3548 praet-er
216 3462 406 3544 sacerdotia,
430 3486 510 3547 quae
532 3464 683 3526 nondum
697 3463 876 3550 promiscua
890 3478 1002 3535 erant,
1024 3456 1078 3520 de·

74 3550 120 3612 ess
120 3568 160 3612 et.
179 3552 391 3634 Rogationem
407 3572 481 3636 ergo
492 3555 762 3635 promulgarunt,
775 3567 833 3629 ut,
855 3572 929 3613 cum
944 3563 1078 3631 quatuo!

73 3654 224 3719 augures,
243 3630 376 3719 quatuor
391 3639 560 3722 pontifices
576 3646 614 3705 ea
629 3638 816 3724 tempestate
832 3636 951 3712 client,
976 3635 1079 3718 place·
1116 3638 1119 3642 '

72 3736 185 3809 totque
200 3727 310 3810 augeri
323 3724 521 3793 sacerdotum
538 3746 731 3807 numerum,
750 3740 886 3813 quatuor
901 3720 1080 3811 pontillcet,

571 3812 688 3909 Kios,
864 3832 867 3840 ·
997 3802 1111 3903 ninia]
