2362 4148
131 136 200 215 473
310 117 573 185 LIBERIX.
623 118 951 183 crexvmm.
1040 186 1139 227 ...·

372 230 410 289 U.
427 230 553 301 0435.
681 226 912 304 a.CN.3r7.

132 340 204 425 sum
219 353 283 416 estz
302 352 443 411 tironem
459 362 512 407 aut
525 350 608 407 mala
627 344 798 431 disciplina
819 344 998 407 institutum
1017 349 1139 411 exerci-

136 462 205 509 tum
220 450 422 520 acceperuut.
456 432 518 509 At,
534 434 689 509 Hercule,
710 452 818 517 reges,
839 451 914 493 non
927 432 1022 494 liberi
1037 432 1140 509 solum

31 506 38 529 ’
56 558 62 572 ι
136 524 380 611 impedimentis
387 520 548 598 omnibus,
556 518 613 582 sed
621 518 865 591 dominirerum
879 535 1146 602 temporumque,-

137 616 272 681 trrbtrnt
286 607 425 672 consiliis
440 623 566 683 muna,
586 628 659 667 non
675 604 859 688 sequuntur.
905 607 1048 669 Invictus
1064 621 1149 693 ergo*

137 697 328 770 Alexander
338 717 412 757 cum
424 694 553 755 invictis
570 692 702 755 ducibus
716 693 798 754 bella
811 690 957 776 gessisset,
978 710 1011 755 et
1025 693 1141 759 eadem

138 789 289 856 formnae
303 785 440 867 pignora
453 782 491 842 in
505 776 679 841 discrimen
687 778 854 841 detulisset.
871 778 973 840 immo
987 782 1148 857 etiamen

162 878 212 939 lus
220 870 355 957 periculi
362 866 500 943 subisset,
509 865 595 948 quod
602 864 795 929 Macedones
804 887 906 927 unum
914 864 1141 945 Alexandrum

138 902 332 1033 {abuillenu
341 955 449 1015 multis
462 952 580 1015 casibus
587 950 659 1014 noir
667 952 766 1014 solum
773 955 962 1029 obnoxium,
973 952 1031 1017 led
1044 956 1147 1017 etiam'

139 1048 334 1115 offerentem
350 1040 400 1103 set
419 1041 576 1103 Romanis
589 1041 682 1103 multi
694 1038 844 1117 fuissent,
860 1038 1067 1121 Alexandro,
1090 1044 1142 1107 rel

139 1136 257 1221 gloria,
280 1130 331 1193 vel
343 1150 454 1197 rerum
467 1126 700 1211 magnitudine,
715 1144 827 1210 pares3
847 1148 982 1209 quorum
990 1127 1047 1190 suo
1060 1130 1151 1213 quit-¹

140 1244 204 1309 que
217 1219 300 1296 sato,
314 1215 382 1280 fine
395 1216 524 1301 publico
537 1213 740 1293 discrimine,
754 1213 877 1277 vireret
889 1232 1141 1303 monereturque,

243 1395 325 1457 xlx.
368 1385 495 1467 Restat,
530 1402 567 1451 ut
585 1385 697 1473 copisa
713 1386 814 1475 copiis
833 1407 1076 1479 comparem..
1091 1368 1143 1456 w]

142 1503 301 1556 nurnero,
331 1479 383 1541 vel
396 1478 536 1539 militum
556 1496 693 1559 genere,
722 1481 773 1541 vel
787 1479 995 1543 multitudine
1012 1466 1143 1543 auxilio-

42 1638 45 1643 ,
142 1592 227 1633 rum.
254 1564 475 1628 Censebantur
490 1563 556 1646 ejus
570 1564 679 1624 aetatis
690 1564 795 1629 lustris
808 1565 935 1629 ducena
950 1567 1143 1651 quinquage.

142 1678 189 1719 na
203 1655 304 1715 millio
319 1651 467 1733 capitum.
488 1652 614 1732 ltaque,
635 1650 674 1719 in
687 1654 780 1715 omni
792 1650 976 1715 delectione
987 1652 1168 1715 sociorum'f.

144 1742 252 1805 Larini
268 1739 422 1814 nominis,
443 1739 569 1798 urbano
582 1758 682 1820 prope
696 1736 822 1801 delectu
836 1739 949 1801 decem
963 1738 1141 1805 [cubabun-

143 1844 198 1891 tur
211 1827 361 1909 legiones.
391 1824 541 1906 quaterni
555 1824 709 1906 quinique
728 1828 883 1888 exereitus
902 1826 999 1910 saepe
1012 1848 1073 1911 per
1088 1846 1144 1891 ees

48 1920 51 1925 '
144 1916 249 1978 annos
262 1914 301 1973 in
317 1908 454 1986 Etruria,
468 1911 507 1971 in
523 1912 677 1986 Umbrio,
701 1913 803 1974 Gallis
819 1911 959 1975 hostibus
974 1910 1142 1996 adjrmutir,
1161 1918 1164 1925 '

143 2003 184 2065 in
200 1999 348 2074 Samnio,
365 1997 402 2058 in
416 1999 553 2059 Lucanis
565 1999 720 2079 gerebant
736 2001 865 2060 bellum.
886 2001 1011 2061 Latium
1022 1998 1155 2063 deiude·

145 2108 245 2153 omne
260 2108 334 2147 com
349 2084 493 2160 Sabinis,
508 2099 539 2145 et
553 2082 689 2160 Volleis,
703 2101 735 2145 et
747 2083 884 2168 Aequis,
899 2102 933 2148 et
950 2088 1043 2149 omni
1055 2088 1143 2167 Cant·
1167 2146 1170 2153 .

144 2175 260 2261 panta,
285 2187 316 2233 et
331 2187 421 2255 parte
439 2169 827 2255 umunaentrurueque,
849 2188 880 2233 et
894 2162 1145 2252 Picentium-e

146 2259 274 2336 Marsis,
298 2257 515 2340 Pelignisque',
534 2276 571 2317 ac
585 2256 722 2322 Vestinis
737 2258 960 2343 atqueApulis,
982 2258 1167 2345 adjuncta-1

146 2368 209 2431 que
225 2344 315 2407 omni
327 2365 384 2404 ora
398 2344 597 2405 Graecorum
608 2340 709 2405 inseri
723 2346 821 2409 maris
836 2368 856 2406 u
867 2346 999 2408 Thuriis
1019 2348 1144 2433 Neapo-

147 2436 206 2498 lim
222 2448 253 2493 et
267 2433 400 2507 Cumas,
421 2447 453 2491 et
464 2428 544 2491 inde
551 2429 651 2493 Antio
665 2447 759 2512 atque
767 2431 861 2495 Ostiis
874 2449 968 2495 tenus
975 2434 1144 2513 Samnites,

148 2536 204 2583 aut
216 2518 312 2579 socios
328 2516 447 2578 validos
464 2518 635 2593 Romanis,
670 2534 725 2577 aut
739 2517 857 2581 stactos
873 2520 958 2580 bello
968 2514 1157 2599 invertisset

147 2603 261 2671 hostes.
281 2601 534 2707 lpseQajecisset
547 2623 635 2663 mare
649 2624 722 2663 enm
736 2606 897 2667 veteranis
905 2605 1143 2684 Macedonibus.

148 2711 220 2753 non
235 2690 306 2774 plus
320 2684 452 2771 triginta
465 2688 604 2749 millibus
617 2688 789 2755 hominum
804 2707 836 2751 et
850 2708 986 2774 quatuor
1004 2696 1156 2759 millibus·

150 2778 290 2859 equitum
298 2816 309 2844 ,
333 2776 472 2835 maxime
486 2774 720 2836 Thessalorum.
742 2776 805 2837 hoc
819 2780 911 2840 enim
924 2782 1049 2843 robon‘s
1065 2796 1144 2851 ‚em

147 2861 265 2939 Persas,
283 2859 390 2937 ludos,
405 2862 545 2944 aliasque
558 2861 582 2922 li
596 2861 786 2947 adjunxisset
799 2881 922 2947 gentes,
933 2866 1149 2950 impedimen«

148 2944 342 3033 tum-majus,
365 2969 459 3032 quam
473 2949 637 3025 auxilium,
660 2949 813 3013 traheret.
854 2950 969 3029 Adde,
988 2954 1177 3037 quodne·

149 3037 255 3102 manis
271 3035 311 3096 ad
326 3056 460 3095 manum
467 3031 555 3096 domi
567 3033 824 3121 supplementum
837 3038 929 3100 esset:
945 3037 1147 3119 Alexandro,

110 3198 115 3203 ⁸
149 3121 258 3209 (quod
272 3121 383 3206 postea·
393 3122 570 3185 Hannibali
583 3122 712 3200 accidit)
734 3125 842 3187 alieno
859 3127 898 3187 in
912 3146 987 3209 agro
1001 3128 1158 3205 bellend-

103 3238 106 3243 ·
151 3211 308 3277 exereitus
321 3206 542 3281 consenuisset
583 3208 703 3285 Arma,
719 3210 850 3295 clypeus
865 3210 1056 3297 sarissaeque
1068 3210 1162 3293 illin-

150 3296 302 3359 Romano
314 3294 452 3373 scutum,
471 3296 573 3378 majus
587 3297 714 3380 corpori
730 3314 968 3381 tegumentum,
989 3316 1022 3363 et
1035 3298 1160 3386 pilulis,¹

149 3380 240 3463 baud
254 3384 366 3467 paulo,
390 3404 485 3467 quam
497 3381 596 3460 balta,
618 3384 840 3447 vehementius
855 3385 920 3447 ictu
932 3385 1094 3470 missuque
1105 3404 1159 3451 te·-

74 3488 77 3493 ’
150 3469 229 3545 lum.
273 3470 421 3531 Statarius
438 3485 570 3552 uterque
584 3470 694 3548 miles,
715 3469 848 3533 ordines
858 3470 1005 3535 servans:
1027 3474 1087 3537 sed
1094 3474 1151 3543 illa
1171 3522 1175 3537 .

174 3554 299 3615 balance
309 3555 500 3632 mmobiln,
519 3571 551 3615 et
566 3557 660 3618 unius
673 3559 818 3640 generis:
832 3560 992 3621 ¹Romana
1005 3562 1091 3645 aoies
1103 3558 1166 3625 die·

150 3578 307 3721 dinetior,
320 3662 363 3707 ex
375 3643 520 3731 pluuibut
533 3645 676 3729 partibus
689 3642 1173 3733 oonluuat‚saeilisputtienti·,·.=.
