2362 4148
123 136 165 193 72
291 121 473 185 LIBER
511 124 554 185 11.
598 127 882 187 carettum
906 128 961 187 lx.

124 203 610 225 M*

123 224 326 325 Q
363 229 593 308 a.C.N.5oJ.
637 233 847 305 *uncto
891 208 1119 301 afiw

478 314 944 329 ...η’-Μ’*-
950 314 1135 339 Ἣ.

124 346 231 405 omnis
245 346 332 407 in't'ra
346 350 488 425 Veliam
518 366 564 423 et,
594 350 647 409 ubi
662 371 753 412 nunc
770 352 960 437 Vicaepotae
978 349 1040 431 elt,
1051 364 1058 371 '
1071 350 1127 415 do-

123 450 196 491 mus
214 433 252 493 itt
266 434 378 497 infimo
394 437 475 499 clivo
491 434 662 501 aedificata.
673 468 684 495 ·.

210 606 298 673 Vlll.
339 612 433 671 Latae
449 608 568 673 deiude
584 611 688 693 leges,
714 624 786 669 non
805 608 904 669 [olum
927 630 1009 689 quae
1030 610 1130 694 regni

125 684 302 773 [uspicione
316 700 478 759 cont'utem
493 696 710 769 absolverent,
732 694 786 756 [ed
801 716 884 777 quae
900 695 981 755 adeo
995 698 1033 757 in
1048 718 1128 757 con.
1167 713 1172 780 ¹

65 788 69 795 ’
125 780 257 839 tretium
271 800 449 857 verterent,
479 802 513 843 ut
529 787 714 866 popularem
737 784 831 842 etiam
847 780 1000 845 facerent.
1044 782 1130 849 inde
1169 790 1172 821 ²

125 882 306 945 cognomen
320 869 436 931 factum
454 872 630 932 Publicolae
644 867 697 930 est.
742 884 818 929 ente
832 890 945 929 ornnes
957 868 999 929 de
1011 892 1127 953 provo-

124 954 251 1013 catione
270 954 417 1017 adversus
436 956 631 1038 magistratus
653 954 694 1015 ad
707 957 879 1039 populum,
909 954 1129 1041 sacrandoque

125 1054 199 1097 cum
212 1042 306 1102 bottis
319 1044 421 1125 capite
436 1043 519 1123 ejus,
546 1046 600 1127 qni
613 1044 706 1126 regni
720 1041 899 1127 occupandi
922 1042 1056 1104 conlilia·
1075 1046 1134 1109 ins.

123 1120 213 1209 isset,
274 1146 359 1189 ratae
380 1130 418 1189 in
438 1132 549 1215 vulgus
569 1131 653 1214 leges
676 1129 775 1190 fuere.
826 1131 1013 1206 Quas'cmn
1042 1129 1128 1192 totus

123 1148 317 1293 pertulisiet3
339 1232 374 1275 ut
395 1213 449 1279 lua
462 1220 555 1279 unius
568 1219 606 1279 in
621 1218 670 1277 his
686 1218 784 1301 gratia
802 1214 896 1291 essct,
923 1232 989 1275 tum
1003 1216 1129 1279 deinde

125 1300 253 1360 comitia
268 1302 405 1385 collegae
419 1300 619 1387 subrogando
633 1304 753 1366 llabuit.
797 1306 926 1365 Creatus
944 1304 995 1387 Sp.
1011 1306 1128 1364 Lucre·

124 1385 186 1443 tius
201 1386 321 1463 conlui,
345 1391 401 1471 qui
415 1413 532 1474 magno
546 1409 635 1468 natu,
651 1412 722 1453 non
736 1388 962 1451 sufficientibus
974 1392 1038 1471 jam
1050 1391 1127 1451 viri-

122 1472 183 1529 bus
199 1470 241 1531 ad
256 1474 435 1537 consularia
449 1500 586 1548 munera
607 1476 774 1552 obeunda,
808 1478 896 1538 intra
917 1496 1030 1559 paucos
1054 1476 1126 1537 diet

123 1558 269 1620 moritur.
313 1562 468 1625 Suffectus
481 1566 520 1625 in
538 1566 677 1625 Lucretii
694 1566 800 1623 locum
822 1565 864 1623 Μ.
888 1564 1031 1623 Horatius
1054 1564 1125 1621 Pul·

123 1643 229 1704 rillus.
273 1645 370 1731 Apud
385 1650 537 1731 quosdam
553 1668 675 1713 veteres
689 1667 830 1710 auctores
845 1670 913 1709 non
926 1648 1055 1711 invenio
1065 1650 1123 1707 Lu-

125 1731 259 1791 cretium
286 1736 457 1798 consulem.
510 1738 609 1799 Bruto
630 1736 734 1799 statim
755 1738 919 1797 Horatium
942 1732 1121 1817 luggemnt.

125 1815 240 1895 credo,
263 1824 336 1901 quia
353 1826 440 1891 ttulla
456 1824 538 1907 gesta
554 1846 606 1885 res
618 1824 775 1906 iulignem
791 1822 902 1883 fecerit
915 1818 1122 1896 consulatum,

124 1908 280 1967 memoria
294 1910 497 1973 intercidisse.
541 1910 696 1973 Nondum
712 1910 857 1970 dedicata
871 1926 938 1969 erat
952 1910 989 1969 in
1001 1904 1127 1989 Capito-

126 1990 171 2051 lio
189 1992 274 2053 Jovis
295 1995 398 2059 aedes.
454 2001 600 2061 Valerius
623 1999 830 2079 Horatiusque
850 1994 993 2056 consules
1014 1991 1128 2071 sortiti,

126 2092 198 2137 uter
212 2078 384 2146 dedicaret.
430 2088 561 2148 Horatio
577 2086 658 2147 sorte
675 2085 792 2146 evenit.
836 2082 992 2143 Publicola
1008 2078 1048 2139 ad
1064 2082 1127 2140 Ve-

126 2164 264 2245 ientium
278 2172 396 2231 bellum
413 2172 582 2256 profectus.
612 2172 765 2255 Aegrum,
787 2192 881 2251 quam
896 2168 1029 2247 dignum
1045 2182 1127 2240 erat,

125 2253 227 2313 tulere
242 2258 363 2318 Valerii
380 2260 567 2335 necessarii,
602 2258 840 2318 dedicationem
854 2274 918 2315 tam
932 2250 1035 2316 incliti
1047 2268 1129 2313 teut-

125 2338 173 2421 pli
193 2342 324 2403 Horatia
353 2344 432 2405 dari.
482 2345 517 2407 id
536 2348 684 2407 omnibus
706 2342 809 2404 modis
828 2340 987 2425 impedire
1008 2340 1127 2417 conati,

125 2424 292 2507 postquam
307 2430 368 2488 alia
381 2430 496 2490 frustra
511 2448 633 2491 tentata
648 2448 758 2505 crant,
786 2428 905 2513 poste'm
922 2429 984 2507 jam
999 2426 1129 2489 tenenti

126 2510 249 2572 consuli
263 2512 393 2576 foedum
406 2520 493 2578 inter
525 2519 724 2591 'recationem
740 2517 849 2577 Derim
867 2514 1020 2575 nuntium
1037 2514 1129 2573 incu-

126 2598 228 2660 tiunt:
250 2598 409 2665 Mortuum
419 2608 482 2689 ejus
490 2542 589 2683 diluta
604 2602 667 2687 effe,
678 2596 976 2685 junqlcqrrrfitmilia
991 2596 1129 2661 dedicare

127 2703 193 2743 eunt
204 2687 340 2767 templum
354 2711 412 2751 aon
425 2688 512 2770 posse.
554 2692 634 2753 Non
650 2690 822 2751 crediderit
836 2688 971 2763 lactum,
998 2706 1044 2745 an
1057 2700 1127 2745 tatt-

126 2784 196 2831 tum
210 2774 320 2834 animo
334 2777 457 2839 roboris
471 2776 583 2853 fuerit,
604 2801 667 2838 nec
682 2776 818 2837 traditur
833 2791 973 2849 eertum,
996 2792 1059 2831 nec
1077 2772 1129 2833 in·

126 2863 314 2940 terpretatio
334 2862 378 2922 est
394 2862 505 2925 facilis.
554 2865 646 2925 Nihil
667 2862 753 2925 aliud
773 2861 813 2922 ad
838 2884 912 2922 eum
932 2859 1087 2920 nuntium
1109 2878 1129 2919 e

125 2944 288 3029 propolito
300 2948 447 3029 aterius,
472 2972 568 3033 quant
590 2969 625 3010 ut
639 2950 773 3010 cadauer
788 2946 900 3009 efferri
913 2949 1054 3028 juberet,
1083 2960 1128 3005 te·

126 3042 214 3095 nens
228 3032 360 3117 postem,
382 3038 600 3118 precationem
615 3038 754 3121 pet-agit,
773 3052 804 3096 et
820 3035 945 3097 dedicat
959 3032 1128 3115 templum.

127 3118 217 3181 Haec
235 3118 306 3205 post
327 3141 451 3187 exactos
465 3134 565 3206 'reges
590 3124 676 3184 domi
697 3123 892 3203 militiaeque
917 3118 999 3202 gesta
1018 3120 1130 3199 primo
1157 3142 1162 3155 ·

125 3222 241 3347 leuno:
272 3208 354 3271 Inde
377 3212 408 3273 P.
432 3212 577 3276 Valerius
599 3212 733 3290 iterum,
764 3210 804 3273 Τ.
824 3208 987 3273 Lucretius
1016 3202 1129 3265 cotdu·

140 3310 173 3351 es
191 3290 275 3357 sacti.

229 3469 281 3529 IX.
326 3466 422 3532 *Iam
436 3472 606 3553 Tarquinii
622 3469 662 3529 ad
680 3472 807 3529 Lartem
824 3462 1012 3540 Personam,
1033 3454 1130 3527 ctull·

123 3569 206 3613 num
220 3570 347 3637 regem,
371 3554 588 3641 perfugerant.
608 3558 672 3631 ibi,
696 3550 862 3615 miscendo
877 3552 1042 3615 confilium
1056 3572 1130 3635 pre·

122 3656 248 3719 eesque,
269 3664 361 3705 nunc
375 3646 522 3719 orabant,
544 3642 591 3703 Nc
602 3642 646 3721 fa,
671 3638 814 3701 oriundos
828 3660 865 3697 ex
875 3637 1026 3721 Etruscis,
1050 3640 1130 3721 ejus·

123 3720 188 3785 dot
194 3725 354 3815 sanguinis
366 3734 557 3814 nominisque,
570 3747 686 3817 egentes
700 3722 833 3810 exsuhtt
840 3726 1017 3811 petitam:
1035 3742 1131 3791 nunc

1015 3832 1131 3875 mom·
