2362 4148
315 132 531 237 xurrann
574 176 611 237 x.
641 138 644 143 ’
672 177 757 241 m».
780 174 857 236 rott
890 212 899 235 ‹
1011 134 1109 247 ¹aas>

673 280 955 361 a.C.N.2qb·'·
1065 298 1069 303 '

83 421 144 482 per
156 391 309 461 Vescinos'
329 401 368 462 in
385 403 602 485 Campaniam·
612 402 850 482 Falernumque
869 398 979 484 agrum
1002 417 1088 466 tren·

72 484 261 562 scendunt,
287 489 500 570 ingentesque
527 488 663 572 praedas
687 484 822 567 faciunt.
867 488 1087 564 Volunmium,
1130 526 1133 535 ·

79 575 208 655 maguis
223 575 393 637 itineribus
408 576 446 637 in
460 575 628 641 Samnium
645 574 855 651 redeuntem,
887 573 974 652 (fam
997 575 1089 651 enim

83 660 181 727 Fabio
195 660 360 744 Decioque
376 662 538 746 prorogati
553 660 690 747 imperii¹
701 663 776 724 linis
792 596 923 735 aderatl
946 660 1032 736 sarna
1046 658 1089 722 da

80 747 272 809 Samnitium
291 748 431 827 exercitq
446 749 769 833 populationibusque
786 748 943 833 Campani
958 738 1024 831 agri
1045 744 1089 809 ad

80 833 220 898 tuendos
242 833 341 902 [ocios
355 836 525 901 convertit.
571 838 616 899 Ut
630 837 843 915 inCalenum
859 857 969 925 agrum
984 834 1087 911 venit,

82 919 196 1004 etipse
212 922 317 983 cernit
330 922 473 985 recentia
491 921 590 985 cladis
606 923 743 1008 vestigia,
765 940 796 985 et
810 923 924 985 Caleni
939 937 1088 996 narrant,

79 1022 207 1069 tantum
215 1009 278 1090 iam
287 1004 426 1090 praedae
434 1006 538 1075 hostes
546 1002 684 1088 trahere,
693 1012 790 1075 utrix
798 1002 1120 1093 eiplicareagmen„

79 1094 217 1178 possint:
240 1096 347 1178 itaque
361 1097 425 1179 jam
434 1097 603 1181 propalam
615 1096 711 1161 duces
726 1099 823 1183 loqui,
840 1096 1086 1180 extemploeu'n·
1109 1096 1115 1105 “

73 1179 157 1269 ⁸dnm
173 1183 211 1245 in
226 1182 393 1271 Samnium
408 1180 489 1263 esse;
508 1198 551 1261 ut,
573 1186 685 1246 relicta
695 1186 742 1247 ibi
756 1182 887 1271 praeda,
902 1183 942 1246 in
955 1179 1085 1264 expedi·
1101 1238 1105 1245 .

82 1269 207 1339 tionem
223 1268 378 1349 redeant,
400 1280 541 1335 nectam
564 1280 737 1336 oneratum
750 1293 870 1359 agmen
885 1267 1086 1345 dimicationi
1099 1324 1103 1341 ,

81 1357 294 1419 committant.
339 1357 404 1433 Ea,
433 1378 617 1442 quanquam
637 1354 754 1421 similia*
768 1350 853 1424 veiis
877 1373 987 1434 erant,
1017 1376 1085 1437 cer·

81 1443 143 1504 tius
159 1459 269 1533 tamen
284 1443 483 1528 exploranda
500 1446 597 1525 retus,
620 1444 753 1515 dimittit
767 1447 898 1531 equites,
921 1426 1085 1529 qoi'ragos

80 1527 286 1611 praedatores
307 1533 346 1607 in
366 1552 458 1617 agros
474 1534 620 1617 palantes
636 1533 816 1617 excipiant:
846 1532 1017 1614 exquibus
1034 1530 1083 1615 in·

80 1615 241 1697 quirendo
265 1616 441 1702 cognosbit,
467 1617 510 1683 ad
531 1622 730 1695 Vulturnum
752 1620 876 1690 flumen
896 1616 1008 1680 ledere
1029 1614 1086 1676 bo·
1111 1628 1114 1637 ’

79 1701 177 1773 stem:
206 1702 286 1773 inde
314 1707 409 1771 tertia
429 1706 537 1788 uigilia
557 1723 739 1769 moturum:
768 1709 832 1771 iter
860 1703 1086 1768 insomnium

80 1789 154 1850 esse.
199 1793 257 1853 His
274 1791 346 1853 satis
364 1791 536 1876 exploratis
551 1784 728 1876 profectus,
750 1796 841 1855 tanto
855 1792 1028 1855 intervallo
1043 1791 1086 1873 ab
1115 1868 1117 1873 Ι

34 1940 38 1945 ,
78 1875 217 1939 hostibus
240 1876 401 1956 consedit,
431 1893 467 1940 ut
486 1899 550 1941 nec
573 1870 730 1941 adrentus
750 1877 822 1942 suus
844 1878 1085 1962 propinquitate
1108 1940 1111 1945 ,

78 1965 183 2027 nimia
197 1963 287 2027 nosci
300 1964 419 2050 posset,
429 2034 432 2039 ,
443 1979 475 2026 et
491 1963 711 2049 egredientem
727 1962 866 2029 ecastris
889 1964 1013 2026 hostem
1028 1984 1099 2045 opu

78 2053 243 2134 primeret.
271 2050 447 2135 Aliquanto
461 2068 537 2115 ante
551 2052 658 2117 lucem
672 2051 714 2115 ad
729 2051 831 2113 castra
844 2050 986 2131 accessit3
1007 2056 1085 2133 gna·¹

78 2158 195 2221 rosque
213 2137 312 2207 Oscae
332 2136 478 2222 linguae,
508 2132 708 2224 exploratum
728 2138 806 2222 quid
827 2155 952 2222 agatur,
974 2137 1082 2199 mittit.

79 2224 265 2288 lntermixti
275 2220 418 2293 hostibus
439 2224 549 2308 (quod
559 2222 661 2303 ¹facile
675 2243 744 2288 erat
757 2226 796 2287 in
812 2242 972 2307 nocturna
988 2222 1096 2307 trepi2.

77 2309 225 2389 datione)
239 2309 450 2395 cognoscunt,
467 2310 691 2395 iustequentia
705 2314 833 2389 armatis
848 2311 936 2395 ligna
950 2308 1080 2396 egressa,

76 2398 234 2481 praedam
245 2398 450 2482 praedaeque
459 2396 602 2463 custodes
618 2401 719 2482 exire,
743 2401 885 2483 ignobile
900 2419 1027 2483 agmen,
1048 2392 1084 2459 et

77 2483 132 2555 sua
146 2507 305 2569 quemque
320 2486 522 2564 molientem,
537 2487 628 2547 nullo
640 2488 729 2553 inter
743 2488 821 2549 alios
834 2485 1000 2562 consensu,
1017 2505 1091 2561 nec,

76 2570 150 2638 satis
165 2589 252 2643 certo
266 2573 416 2659 imperio.
450 2574 592 2657 Tempus
607 2571 816 2657 aggrediendi
830 2572 1021 2657 aptissimum
1037 2573 1080 2635 ri·
1123 2594 1127 2609 ¹

76 2658 144 2727 sum
161 2658 222 2731 esti
236 2675 278 2733 ,et
292 2660 357 2742 jam
371 2659 428 2745 qu
440 2661 618 2742 appetebat.
635 2661 740 2743 itaque
752 2658 838 2742 sigua
850 2680 968 2723 canere
981 2655 1083 2744 jussit3

76 2765 257 2828 agmenque
272 2744 410 2819 bostium
426 2743 618 2830 aggreditur.
648 2744 826 2826 Samnites,
869 2744 966 2814 raeda
980 2749 1081 2830 impe·

76 2831 148 2912 diti,
166 2829 393 2913 infrequentes
408 2833 533 2911 armati,
555 2853 630 2915 pars
646 2830 767 2895 addere
782 2769 927 2919 gradum,
944 2855 987 2904 ‚ac
1002 2853 1081 2916 prae

56 2917 109 2988 'se
125 2937 217 3003 agere
257 2917 405 2995 raedam,
432 2938 508 3003 pars
524 2916 623 2998 stare,
650 2920 769 2983 incerti
790 2937 897 3009 utrum
916 2916 1078 3013 progredi,

76 3026 121 3072 an
134 2939 263 3088 regredi
276 3005 315 3068 in
331 3003 431 3071 castra
445 3006 541 3069 tutius
554 3004 650 3083 soret,
667 3008 755 3071 inter
770 3006 1008 3072 cunctationem
1023 3024 1091 3088 op·

74 3093 270 3177 primuntur.
293 3107 326 3153 et
338 3092 482 3153 Romani
495 3093 560 3175 iarn
576 3090 848 3162 transcenderant
864 3094 994 3167 sallum,
1008 3111 1077 3151 cae·

77 3179 198 3262 desque
219 3199 258 3245 ac
274 3179 425 3253 tumultus
441 3194 510 3239 crat
527 3179 565 3241 in
578 3178 696 3241 castris.
740 3179 935 3253 Samnitluur
948 3197 1077 3263 agmen,

74 3266 300 3351 praeterquam
312 3263 418 3327 hostili
432 3266 577 3343 tumultu,
593 3264 789 3353 captivorum
799 3258 1079 3347 etiamrepentine
1113 3301 1121 3308 ·
1138 3304 1142 3311 ·

75 3350 257 3414 desectione
274 3355 434 3434 turbatum
451 3366 535 3413 erat:
560 3352 615 3434 qui
631 3351 747 3435 partim
766 3350 824 3433 ipsi
844 3349 937 3410 soluti
952 3352 1078 3428 vinctos
1095 3404 1098 3409 ,

74 3438 255 3503 solvebant:
282 3440 401 3523 partim
424 3432 513 3499 arma
533 3439 571 3499 in
592 3436 724 3511 sarcinis
740 3435 876 3517 deligata
895 3437 1075 3524 rapiebant,

74 3527 323 3608 tumultumque,
365 3526 489 3609 proelio
514 3523 582 3608 ipso
603 3521 850 3602 terribiliorem,
892 3522 1077 3595 intermixti

74 3615 203 3698 agmine
216 3615 426 3696 praebebant.
449 3608 699 3674 Memorandum
714 3608 836 3677 deinde
853 3608 985 3693 edidere
998 3608 1076 3685 saci·

73 3725 152 3771 uus:
174 3720 255 3777 om
269 3700 390 3788 tuine
402 3699 585 3779 bunum
599 3695 928 3780 decernentem
944 3697 1094 3777 ordinet..

277 3799 310 3837 --'
458 3858 461 3863 r
534 3786 585 3852 Η
606 3786 629 3860 3
1003 3782 1099 3902 wi
