2362 4148
252 166 538 253 tiaran:
568 162 653 249 cit.
675 178 772 251 xxv.
794 130 907 265 xlvi,
1015 188 1082 287 §⁸3
1093 128 1115 163 ⁸

72 318 75 325 ·
287 290 481 366 ·ucma
628 291 855 362 annua

80 362 488 391 -η--ι--ή--ὒῡ-
494 372 686 389 m

77 414 174 470 urbes
191 427 301 471 erant:
338 408 507 489 exquibus
528 412 692 493 principes
715 410 890 491 iuventutis
911 410 1081 473 duodecim
1107 458 1110 463 .

78 516 236 573 numero,
265 498 303 557 in
317 493 534 577 proditionem
548 496 676 556 urbium
693 495 818 558 suarum
835 499 1011 581 cunjurati,
1039 496 1082 559 cd

79 583 225 644 consules
238 582 389 644 veniunt:
409 579 539 658 docent,
556 582 637 666 sitos,
647 582 830 667 jampridem
844 600 1019 666 exoptantes
1030 581 1083 646 Sa·

79 668 397 744 maitiunadnentum,
414 666 504 741 fitnttl
517 668 555 729 ad
570 666 712 731 buculas
729 688 893 757 pugnarem
908 669 1080 741 audieruut,

81 776 143 836 pra
157 758 243 816 uictis
260 754 403 815 Romanas
416 750 557 835 staburffe,
571 756 752 839 juventate,
772 759 863 818 armis
879 754 1021 819 Samnites
1029 758 1082 841 ju·

80 841 160 919 oiffe.
173 841 296 925 fugatis
309 840 377 902 inde
399 838 590 916 Samnitibus,
615 845 728 902 incerta
740 860 810 923 pace
823 864 922 927 agere,
939 863 988 905 trec
1002 840 1083 905 clau·

77 925 181 987 dea-tes
188 947 292 1009 portas
305 926 451 1003 Romanis,
463 949 497 988 ne
512 926 653 1008 arceffant
666 925 770 989 tetum
776 951 795 1001 ,2
807 927 993 1007 etobstt'natos
1005 928 1085 995 cleu·

79 1011 168 1089 dere,
183 1008 211 1087 fi
225 1018 375 1091 exercitet
391 1012 590 1075 admoveatur.
620 1012 656 1073 In
673 1034 703 1074 ea
712 1009 906 1095 fluctuatione
920 1021 1084 1079 animorum
1118 1066 1121 1071 .

78 1103 214 1181 opprimi
223 1103 360 1161 incautos
370 1099 457 1182 ροβε.
472 1102 530 1162 His
540 1098 813 1161 auctoribuslnota
826 1103 958 1185 propius
968 1101 1086 1167 castras

78 1185 226 1271 mistique
242 1186 354 1249 eodem
373 1204 516 1270 tempore
530 1188 614 1247 circa
633 1188 696 1247 tria
718 1186 837 1271 oppida
847 1190 982 1266 milites,
1013 1210 1086 1273 per·

79 1275 139 1335 tim
156 1275 289 1349 armati,
317 1274 371 1356 qui
389 1275 505 1343 occulti
524 1274 709 1357 propinqua
722 1276 891 1351 moenibus
905 1273 1085 1337 insiderent

77 1361 167 1437 loca;
192 1363 310 1445 partim
326 1362 450 1441 togati‚·
470 1361 559 1421 tectis
573 1359 656 1422 vesle
677 1360 807 1444 gladiis,
835 1363 891 1444 qui
906 1361 964 1421 sub
978 1364 1086 1423 lucem

77 1448 197 1530 apertis
211 1448 313 1530 portis
328 1449 423 1509 urbes
437 1444 697 1531 ingrederentur.
712 1444 764 1508 Ab
779 1448 829 1508 bis
843 1447 936 1508 simul·
942 1446 1085 1513 custodes

78 1533 235 1595 trucidari
249 1534 369 1615 coepti,
391 1532 481 1592 stmul
497 1533 607 1593 datum
621 1531 744 1615 sig-num
760 1536 907 1611 armatis,
930 1551 965 1594 ut
979 1556 1019 1595 ex
1034 1534 1085 1595 in·
1111 1584 1114 1595 .

79 1620 166 1682 srdiis
182 1635 426 1681 concurrerent.
443 1620 487 1679 ita
503 1635 811 1703 portaeoccupatae,
828 1620 950 1703 triaque
965 1619 1087 1704 oppidu

78 1707 195 1769 cadem
209 1708 299 1780 hora,
315 1704 492 1786 eodemque
508 1704 639 1767 consilio
654 1723 755 1789 capta.
786 1706 867 1783 Sed,
884 1708 958 1790 quia
973 1706 1085 1767 absen·
1129 1714 1133 1723 “

77 1797 162 1855 tibus
179 1792 312 1853 ducibus
325 1792 461 1873 impetus
476 1790 521 1851 cst
534 1790 655 1869 sactus,
680 1794 788 1856 nullus
807 1792 919 1855 modus
934 1792 1098 1855 caedibus·

77 1880 159 1956 suit3
177 1878 341 1959 deletaque
348 1875 516 1937 Ausonum
528 1898 620 1959 gens,
642 1878 698 1940 vix
713 1896 799 1941 certo
816 1878 1007 1945 desectionis
1021 1879 1083 1947 cti·

77 1966 187 2042 mine,
207 1962 345 2048 perinde
360 1984 398 2029 ac
411 1960 436 2027 si
448 1962 650 2031 interneciuo
668 1966 753 2029 bello
764 1965 918 2035 certasset.

167 2138 279 2201 XXVI.
293 2136 416 2201 Eodem
432 2148 531 2213 anno,
543 2134 672 2219 prodito
685 2136 824 2201 hostibus
830 2138 982 2201 Romano
993 2158 1084 2222 pree·

78 2225 169 2301 fidia,
186 2226 317 2287 Luceria
333 2223 521 2287 Samnitium
536 2220 627 2285 sacta.
647 2244 717 2285 nec·
725 2223 780 2285 diu
795 2225 1013 2308 proditoribus
1024 2226 1084 2285 im·
1124 2276 1127 2283 .

75 2314 193 2396 punita
207 2332 260 2372 res
276 2311 345 2373 suit.
390 2308 485 2373 Haud
498 2312 609 2392 procul
632 2309 712 2371 inde
736 2312 892 2375 exercitus
914 2313 1084 2375 Romanus

76 2415 162 2461 erat:
187 2399 274 2481 cujus
291 2399 396 2481 primo
411 2398 532 2480 impetu
545 2398 638 2473 urbs,
667 2394 723 2457 site
737 2398 781 2459 in
798 2399 917 2481 plano,
947 2399 1082 2480 capitur.

74 2486 229 2550 Lucerini
244 2506 281 2543 ac
294 2486 452 2547 Samnites
466 2480 510 2543 ad
522 2484 781 2544 internecionem
796 2484 892 2546 caesi:
913 2504 1014 2565 eoque
1029 2483 1080 2543 ira

45 2624 49 2629 .
75 2570 249 2657 processit,
269 2587 305 2629 ut
313 2572 442 2630 'Romae
459 2590 610 2651 quoque²
631 2590 706 2630 cum
720 2570 762 2631 de
775 2572 898 2631 colonis
913 2566 1082 2631 mittendis

76 2656 476 2723 Luceriam-consuleretur
494 2654 645 2732 senense„
669 2658 761 2718 multi
775 2650 950 2718 delendam
963 2658 1080 2717 urbem
1113 2714 1119 2733 ‚

76 2743 255 2815 censerent.
301 2746 428 2803 Praeter
443 2737 570 2816 odium,
594 2740 681 2824 quod
701 2741 891 2804 exsecrabile
906 2745 944 2804 i'n
959 2744 1007 2804 bis
1028 2762 1079 2801 cat·

74 2846 146 2917 ptos
166 2846 248 2907 erat,
275 2826 494 2911 longinquitas
514 2848 645 2909 quoque
661 2826 834 2890 abhorrere
857 2852 875 2889 a
897 2827 1078 2911 relegendis

70 2932 143 2979 'mm
156 2915 267 3000 procul
281 2908 430 2997 ab3d'omo
442 2912 565 2979 civibus
579 2916 667 2975 inter
679 2930 745 2975 tam
757 2914 889 2976 infestas
901 2931 1010 2998 gentes
1024 2932 1075 2973 co·

73 3008 178 3087 gebat,
199 3002 284 3065 Vicit
295 3017 404 3061 tamen
416 2998 587 3075 sententia,
603 3015 637 3063 ut
649 3000 857 3063 mitterentur
871 2999 981 3063 coloni.
1006 2994 1075 3056 duo

72 3092 178 3161 millia
190 3106 223 3151 et
235 3088 404 3171 quingenti
419 3084 512 3148 mitti.
546 3084 671 3147 Eodem
686 3108 794 3165 anno,
814 3110 888 3149 cum
901 3082 1008 3147 omnia
1019 3081 1071 3141 in·

74 3174 139 3239 lida
152 3175 309 3237 Romanis
317 3170 442 3251 esseut,¹
457 3174 500 3233 Ca
524 3192 584 3235 uae
595 3194 722 3257 quoque
735 3177 874 3236 occultae
885 3168 1070 3255 principum

74 3261 312 3343 conjurationes
326 3256 438 3321 sactae.
486 3194 541 3317 tle
558 3259 670 3343 quibus
685 3282 760 3321 cuin
777 3260 817 3321 ad
832 3261 972 3321 leuatum
987 3253 1069 3316 rela-

75 3364 146 3409 tum
166 3346 260 3424 essct,
287 3342 532 3426 haudquaquam
552 3348 697 3429 neglecta
717 3368 769 3409 res
787 3345 841 3409 est.
869 3336 1068 3427 quaestiones

73 3432 239 3497 deorum:
268 3430 517 3511 dictatoremque
533 3432 767 3513 quaestionibus
791 3425 978 3492 exercendis
1002 3426 1069 3489 dici

69 3518 200 3607 placuit.
221 3514 534 3583 curacensibus.
549 3518 576 3579 is
587 3520 632 3579 M.
642 3520 780 3581 Foslium
788 3515 969 3601 magistrum
979 3514 1064 3597 equi·

69 3624 142 3669 tum
158 3604 261 3669 dixit.¹
292 3606 414 3689 Ingens
433 3594 501 3663 'ertit
514 3603 711 3689 magistratus
735 3605 801 3687 ejus
821 3620 936 3682 terror.
958 3603 1065 3681 itaque

66 3692 262 3758 five-timore
277 3686 661 3841 cjut„seu'cortsci¹qnl:ia‚
683 3691 841 3773 curtim
864 3692 980 3757 Ouium
996 3687 1063 3751 No·

631 3782 655 3851 3
832 3790 836 3797 “
962 3775 1062 3837 vium·
