2376 4124
55 114 252 229 Qu
278 108 308 186 't
352 99 440 185 cn.
463 119 602 183 xxxvi.
625 104 780 185 xxxuu.
800 119 974 182 xxxvtn.
1024 123 1066 200 41
1114 98 1117 107 '
1167 100 1173 117 ‘

263 304 1077 335 *vm—m*

56 354 187 438 quinius
211 351 252 410 de
273 350 413 432 equitum
436 348 592 408 centuriis
617 345 793 428 quidquam
817 349 966 427 mutavit:
1008 368 1068 407 nu·
1101 393 1107 409 .

54 456 150 502 mero
173 439 455 498 alterum'tantum
479 433 612 513 adiecit,
657 434 692 500 ut
718 433 805 493 mille
834 451 867 494 et
888 426 1087 514 octingenti.

56 528 180 611 equites
209 525 246 584 in
274 524 374 585 tribus
399 521 554 582 centuriis
579 518 691 579 essent.
744 518 931 581 Posteriores
967 518 1068 580 modo
1104 518 1105 525 '

57 602 129 675 Iub-
151 610 267 675 iisdem
280 597 499 695 nominibus,
544 607 598 688 qui
631 604 734 671 additi
762 623 872 684 erant,
916 598 1102 689 appellati}

53 698 158 770 lunt:
197 702 276 779 'quas
292 715 407 773 nune,
451 695 532 779 quie·
545 693 725 778 geminatae
746 691 836 770 lunt,
879 692 934 757 [ex
952 703 1097 757 roeant'.
1136 704 1143 715 “

58 785 231 848 oenturias.

26 994 32 1007 ι
98 991 101 995 ·
146 956 305 1027 xxxvn.
349 954 522 1038 Hacparte
539 953 826 1037 copiarumtuota,
857 950 1101 1035 iterurnuunt¹

61 1046 188 1111 Sabinis
205 1041 397 1126 confligitur.
444 1038 506 1102 Sed
525 1057 749 1123 praeterquam
769 1037 855 1120 quod
870 1040 988 1101 viribus
1003 1062 1071 1102 cre·
1107 1084 1110 1095 .

25 1191 29 1201 ,
59 1131 153 1196 verat
168 1133 335 1191 Romanus
352 1128 530 1201 exercituS,
560 1127 740 1187 exocculm
763 1128 858 1187 etiem
874 1124 1002 1187 additur
1017 1125 1070 1188 do'·
1111 1184 1114 1193 ,

60 1220 130 1295 lus,
153 1216 275 1291 millis,
301 1215 356 1295 qui
371 1207 522 1296 magnam
535 1215 600 1274 vim
615 1216 774 1296 lignorum
789 1215 826 1274 in
842 1212 981 1275 Anienis
1001 1215 1072 1296 ripe

61 1307 242 1390 jacentem,
264 1297 433 1360 ardentem
456 1302 493 1361 in
517 1299 638 1361 flumen
657 1294 875 1381 ‘conjicerentt
910 1317 1074 1384 ventoque

39 1395 194 1477 ,jurante
210 1386 343 1449 accensa
364 1388 470 1470 ligna,
510 1405 541 1448 et
556 1384 707 1471 pleraque
722 1387 760 1451 in
782 1389 903 1449 ratibus
924 1388 1072 1472 impacta,

63 1478 192 1543 sublicis
209 1496 305 1558 quum
321 1474 512 1548 haererent,
545 1490 677 1557 pontem
692 1473 885 1536 incendunt.
931 1474 1074 1559 anuo·

64 1586 129 1647 que
142 1566 193 1647 res
214 1565 251 1624 in
267 1581 376 1645 pugna
396 1561 554 1627 terrorem
574 1562 676 1621 attulit
698 1561 833 1623 Sabinis.
883 1556 1000 1622 Effufis
1022 1582 1073 1622 ea·

68 1645 145 1714 dem
159 1649 267 1733 iugem
288 1647 441 1729 impedit:
481 1650 637 1729 multique
660 1651 827 1725 mortales,
857 1650 929 1709 eum
950 1644 1091 1708 holtem

67 1735 273 1820 effugissent,
305 1736 343 1794 in
361 1731 495 1799 flumine
510 1734 576 1818 ipso
594 1735 737 1816 periere:
766 1757 902 1818 quorum
919 1734 1077 1799 fluitantia
1116 1788 1119 1795 .

68 1845 159 1889 armo
177 1822 218 1881 ud
232 1824 345 1879 urbelu
357 1824 483 1903 cognita
503 1822 541 1897 in
556 1823 683 1898 Tiberi,
716 1823 804 1906 prius
821 1843 943 1907 paene,
979 1842 1075 1902 quam

70 1907 219 1970 nuntiari
231 1903 350 1986 pollet,
375 1907 534 1989 inlignem
547 1910 712 1980 victoriam
728 1908 843 1973 fecere.
887 1911 936 1971 Eo'
951 1908 1075 1989 proelio

71 1991 245 2079 praecipue
265 1989 406 2068 equitum
433 1994 533 2074 gloria
553 1992 622 2055 fuit.
664 1988 826 2075 utrimque
853 1999 893 2053 ab
922 1994 1076 2054 cornibus
1127 1987 1128 1991 ἵ

70 2076 204 2162 politos,
248 2096 345 2157 quum
369 2070 432 2158 jam
454 2078 627 2163 pelleretur
652 2079 759 2139 media
783 2079 930 2163 peditum·
948 2078 1077 2138 suorum
1119 2144 1125 2151 ,

71 2165 167 2239 ecies,
182 2164 226 2222 ita
241 2160 416 2223 incurrisse·
427 2165 467 2221 ab
481 2164 631 2223 lateribus
647 2162 776 2238 ferunt,
799 2180 917 2225 utnon
933 2162 1078 2224 sisterent

71 2251 170 2315 modo
183 2249 315 2310 Sabinas
332 2250 491 2330 legiones,
527 2248 676 2310 ferociter
701 2247 856 2313 instantes
878 2249 1078 2330 oedentibus,

72 2334 256 2412 sedlubito
274 2335 314 2403 in
336 2331 443 2417 fugam
468 2352 662 2398 averterent.
706 2340 834 2399 Montes
863 2336 963 2398 effuso
986 2334 1079 2415 eursu

66 2424 185 2489 Sabini
206 2423 376 2506 petebant,
405 2438 435 2481 et
456 2424 550 2505 pauci
572 2439 726 2499 tenuere·,
758 2425 900 2485 maxima
920 2444 1009 2507 pars,
1044 2439 1079 2486 ut

48 2562 51 2571 .
74 2508 286 2581 antedictum
303 2505 358 2583 est,
381 2511 420 2569 ab
435 2511 591 2591 equitibus
608 2511 645 2570 in
658 2509 781 2572 flumen
795 2512 855 2573 acti
870 2513 953 2572 lunt.
999 2512 1081 2573 Tan.

74 2598 224 2683 quiuius,
241 2593 426 2664 instandum
442 2597 618 2679 perterritis
633 2612 729 2672 ratus,
750 2596 871 2682 praeda
887 2599 1081 2682 captivisque

68 2682 215 2753 Romam
232 2679 347 2756 millis,
374 2681 479 2765 spoliis
496 2682 630 2745 hostium
648 2686 772 2760 (votum
786 2683 819 2747 id
835 2687 980 2748 Vulcano
997 2676 1080 2764 erat)

76 2772 207 2854 ingenti
221 2768 349 2828 cumulo
366 2766 522 2846 aceenlis,
563 2771 665 2854 pergit
691 2793 791 2853 porro
811 2773 849 2834 in
867 2794 977 2858 agrum
995 2773 1080 2836 Sabi·

77 2880 159 2921 num
175 2856 349 2917 exereitum
359 2850 529 2918 “inducere
560 2873 609 2933 et,
631 2877 815 2941 quanquam
835 2861 919 2920 mule
933 2859 1015 2942 gesta
1029 2879 1081 2922 res

78 2960 148 3007 eret
183 2964 247 3003 nee
262 2938 399 3023 gesturos
413 2943 524 3009 melius
541 2942 668 3028 sperare
683 2961 847 3027 poterent,
865 2964 992 3020 tamen,
1008 2947 1083 3027 quin

63 2989 272 3093 ooniulendi
287 3048 339 3089 res
360 3028 546 3112 nongdabat
561 3030 726 3113 spatium,
748 3028 816 3095 iere
831 3036 957 3096 obviam
973 3032 1084 3094 Sabini

17 3148 21 3153 ·
78 3116 287 3181 tumultuario
314 3116 426 3178 milite.
477 3120 657 3200 iterumque
685 3120 732 3185 ibi
750 3119 829 3201 tuli,
859 3119 994 3207 perditis
1020 3119 1084 3203 jau

24 3212 27 3217 '
77 3226 181 3292 prope
196 3205 308 3279 rebus,
335 3224 446 3287 pacem
461 3206 594 3288 petiere.
1026 3212 1029 3217 ’

171 3376 361 3439 “xxxvut
410 3377 560 3453 Collatia,
590 3394 622 3440 et
643 3377 798 3461 quidquid
817 3381 901 3441 cirea
920 3376 1086 3441 Collatiam

76 3462 154 3548 agri
169 3478 254 3539 erat,
278 3462 404 3545 Sabinis
418 3464 590 3525 ademturn.
633 3465 766 3549 Egerius
789 3465 920 3543 (fratris
935 3465 989 3527 hio
1004 3465 1086 3529 lilius
1158 3476 1169 3496 ⁸

10 3588 12 3593 ·
85 3566 156 3615 eret
176 3548 283 3632 tegis)
303 3552 454 3614 Collatiae
475 3553 513 3614 in
535 3550 691 3637 praefidio
713 3554 850 3615 relictus.
899 3552 1088 3635 deditosque

10 3696 13 3703 .
70 3637 262 3707 ¹Collatinos
273 3636 318 3699 ite
333 3639 472 3726 accipio,
494 3660 627 3723 eamque
642 3639 816 3703 deditionis
831 3631 1002 3703 formulam
1013 3639 1086 3703 else.

10 3708 22 3779 i
83 3722 161 3821 lien
171 3725 416 3815 interrogovit:¹
433 3725 549 3809 istisne
567 3746 620 3791 vot
641 3725 731 3813 logui
745 3744 957 3816 oratoresque,
977 3722 1052 3806 unffi
1070 3744 1090 3793 e

12 3832 21 3923 t
589 3814 651 3885 ⁰⁵
796 3837 800 3844 ·
857 3900 861 3907 .
994 3822 1111 3916 rut·
